1993 3123
130 104 196 155 26
775 112 1057 156 AENEIS.

127 244 351 308 Namque
390 248 473 293 tibi
510 247 714 294 reduces
754 248 913 294 socios
951 248 1249 309 classemque
1287 248 1485 295 relatam
1711 268 1788 310 390

126 336 296 382 nuntio
333 344 379 381 et
414 336 461 381 in
499 344 655 382 tutum
694 337 839 383 versis
875 337 1201 398 Aquilonibus
1241 346 1414 394 actam,

126 425 174 469 ni
211 423 378 471 frustra
414 425 667 486 augurium
706 426 814 470 vani
853 425 1061 472 docuere
1097 435 1338 487 parentes.

125 513 302 574 Aspice
339 513 412 560 bis
450 528 593 560 senos
630 514 860 560 laetantes
898 515 1089 574 agmine
1114 529 1319 575 cycnos,

125 601 333 649 aetheria
369 618 492 664 quos
530 602 663 664 lapsa
701 602 843 663 plaga
882 602 1007 649 Iovis
1046 603 1144 649 ales
1181 612 1346 664 aperto

126 692 346 738 turbabat
382 691 514 738 caelo
534 708 546 749 ,·
597 707 726 738 nunc
764 700 912 738 terras
950 692 1116 739 ordine
1156 692 1303 754 longo
1711 712 1787 753 395

127 790 205 827 aut
243 796 413 842 capere
453 790 532 827 aut
571 790 735 842 captas
775 781 870 827 iam
908 790 1176 842 respectare
1214 781 1465 828 videntur:

125 878 176 915 ut
214 869 413 916 reduces
450 869 513 916 illi
551 870 720 917 ludunt
759 870 1065 917 stridentibus
1103 871 1187 917 alis

127 968 172 1005 et
210 968 347 1007 coetu
384 960 576 1005 cinxere
616 959 781 1021 polum
821 970 1082 1021 cantusque
1122 960 1315 1016 dedere,

124 1048 254 1095 haud
289 1048 422 1095 aliter
459 1064 748 1111 puppesque
786 1058 894 1096 tuae
933 1050 1183 1110 pubesque
1223 1058 1415 1096 tuorum

125 1146 206 1184 aut
243 1148 437 1199 portum
474 1146 601 1185 tenet
638 1147 719 1184 aut
757 1138 901 1199 pleno
941 1138 1065 1184 subit
1103 1138 1225 1185 ostia
1261 1137 1378 1184 velo.
1709 1156 1790 1196 400

126 1226 280 1288 Perge
317 1227 465 1274 modo
504 1236 562 1286 et,
603 1243 698 1290 qua
737 1237 782 1274 te
821 1227 948 1275 ducit
985 1227 1071 1285 via,
1112 1226 1259 1288 dirige
1296 1227 1546 1289 gressum.'

125 1432 304 1479 Aeneas
343 1435 594 1494 recogm'ses
632 1433 706 1479 lzss
744 1432 926 1490 mother,
968 1432 1071 1478 who
1108 1440 1265 1492 wraps
1304 1430 1400 1476 him
1441 1431 1540 1476 and
1570 1432 1642 1476 lzz's
1677 1446 1789 1477 com-

255 1525 453 1584 pam'ons
479 1525 527 1569 z'n
553 1540 581 1569 a
607 1523 742 1568 cloud
760 1523 860 1568 and
878 1523 1061 1583 repairs
1087 1527 1128 1566 lo
1153 1522 1233 1567 [κεν
1258 1519 1481 1582 Paphiam
1506 1521 1674 1566 shrine.

195 1665 344 1725 Dixit,
383 1678 429 1715 et
467 1678 686 1715 avertens
726 1683 862 1715 rosea
900 1668 1081 1714 cervice
1120 1667 1314 1724 refulsit,

127 1759 492 1820 ambrosiaeque
531 1773 700 1805 comae
741 1757 954 1804 divinum
991 1757 1163 1804 vertice
1201 1757 1403 1804 odorem

128 1848 397 1909 spiravere3
435 1848 581 1909 pedes
619 1848 759 1894 vestis
800 1846 996 1894 defluxit
1034 1847 1096 1893 ad
1131 1847 1288 1894 imos:

127 1947 172 1982 et
208 1953 317 1983 vera
354 1938 545 1984 incessu
581 1937 734 1998 patuit
772 1936 875 1982 dea.
950 1936 1036 1982 Ille
1073 1936 1154 1982 ubi
1193 1946 1397 1982 matrem
1708 1955 1787 1994 405

128 2026 334 2086 agnovit,
375 2026 455 2071 tali
493 2025 754 2086 fugientem
794 2036 866 2072 est
904 2041 1021 2072 voce
1060 2034 1279 2072 secutus:

132 2113 291 2171 ‘Quid
327 2124 492 2161 natum
528 2115 714 2170 totiens,
754 2114 956 2161 crudelis
993 2124 1044 2160 tu
1082 2129 1291 2175 quoque,
1330 2113 1455 2159 salsis

130 2202 253 2249 ludis
290 2202 615 2263 imaginibus?
666 2219 748 2250 cur
786 2205 981 2250 dextrae
1020 2204 1216 2265 iungere
1255 2203 1471 2248 dextram

130 2306 229 2337 non
268 2291 420 2347 datur,
460 2307 516 2338 ac
554 2307 687 2339 veras
725 2293 889 2339 audire
927 2302 974 2338 et
1012 2292 1207 2339 reddere
1245 2289 1444 2337 voces?'

132 2379 332 2426 Talibus
367 2380 566 2437 incusat,
606 2396 921 2444 gressumque
960 2381 1021 2427 ad
1058 2380 1249 2427 moenia
1286 2379 1446 2425 tendit.
1711 2397 1791 2436 410

131 2469 195 2515 At
231 2468 398 2516 Venus
435 2470 642 2517 obscuro
679 2471 953 2531 gradientes
992 2475 1100 2516 aere
1139 2469 1329 2530 saepsit,

131 2567 177 2604 et
212 2558 362 2605 multo
399 2558 604 2606 nebulae
642 2559 823 2605 circum
862 2559 951 2605 dea
989 2557 1108 2604 fudit
1145 2558 1336 2614 amictu,

133 2662 328 2693 cernere
366 2662 425 2694 ne
462 2648 568 2709 quis
604 2663 687 2696 eos
725 2663 820 2694 neu
856 2648 963 2710 quis
1000 2647 1280 2707 contingere
1317 2653 1476 2707 posset

133 2736 348 2784 molirive
385 2752 568 2784 moram
608 2746 686 2783 aut
723 2736 946 2784 veniendi
982 2750 1182 2796 poscere
1221 2750 1400 2781 causas.

134 2824 247 2888 Ipsa
283 2824 504 2888 Paphum
540 2825 754 2873 sublimis
791 2825 901 2882 abit,
940 2825 1171 2886 sedesque
1210 2824 1365 2871 revisit
1711 2841 1790 2880 415
