1993 3123
747 130 957 173 LIBER
983 131 1024 173 I.
1068 139 1330 192 390—440.
1808 140 1873 195 27

212 262 336 311 laeta
371 279 498 322 suas,
535 264 617 309 ubi
654 264 888 326 templum
926 265 1003 321 illi,
1045 276 1333 328 centumque
1375 268 1560 315 Sabaeo

208 360 310 398 ture
347 351 502 398 calent
539 367 647 399 arae
685 353 912 414 sertisque
951 355 1221 401 recentibus
1259 354 1435 402 halant.

203 559 384 606 Aeneas
420 562 670 622 survcyz'ng
706 563 777 608 tlte
811 565 900 624 ειζι·
926 563 1122 608 marvcls
1159 569 1210 609 ‹zl
1242 565 1312 609 llzc
1347 563 1511 619 works,
1551 565 1651 610 and
1680 567 1870 626 mingles

742 651 854 696 wilh
882 652 952 696 she
976 653 1135 697 crozt'd
1154 668 1330 697 tmsesn.

273 779 560 842 Corripuere
599 782 723 827 viam
761 781 957 839 interea,
998 797 1093 843 qua
1132 783 1299 828 semita
1337 793 1597 829 monstrat:

201 869 393 931 iamque
433 870 758 917 ascendebant
795 871 985 927 collem,
1024 872 1103 932 qui
1139 872 1372 932 plurimus
1409 872 1513 916 urbi

202 958 418 1005 imminet
456 958 774 1021 adversasque
812 971 1023 1020 aspectat
1058 960 1263 1020 desuper
1301 975 1446 1007 arces.
1784 982 1867 1018 420

202 1044 407 1094 Miratur
442 1048 619 1095 molem
658 1050 864 1104 Aeneas,
905 1049 1110 1109 magalia
1147 1048 1410 1109 quondam,

198 1136 396 1182 miratur
431 1146 594 1198 portas
632 1138 974 1200 strepitumque
1011 1149 1058 1183 et
1097 1146 1239 1184 strata
1277 1138 1473 1183 viarum.

199 1224 388 1271 Instant
425 1227 646 1273 ardentes
685 1226 833 1288 Tyrii,
872 1242 982 1288 pars
1020 1227 1192 1273 ducere
1230 1242 1392 1273 muros

198 1314 446 1376 molirique
483 1330 644 1361 arcem
682 1326 727 1361 et
765 1316 987 1362 manibus
1025 1316 1298 1363 subvolvere
1335 1332 1463 1373 saxa,

195 1418 307 1465 pars
344 1412 511 1465 optare
548 1403 710 1451 locum
748 1414 873 1451 tecto
910 1414 956 1451 et
994 1405 1281 1452 concludere
1318 1405 1465 1452 sulco.
1779 1426 1856 1464 425

195 1491 297 1538 iura
333 1493 738 1555 magistratusque
775 1493 941 1555 legunt
979 1504 1293 1556 sanctumque
1332 1503 1567 1540 senatum.

198 1580 297 1628 Hic
333 1591 498 1644 portus
535 1582 611 1628 alii
649 1582 910 1640 effodiunt;
961 1583 1070 1630 hinc
1106 1583 1198 1629 lata
1233 1582 1428 1629 theatris

192 1669 505 1719 fundamenta
541 1682 706 1734 petunt
743 1673 833 1729 alii,
872 1673 1203 1735 immanesque
1241 1672 1487 1720 columnas

194 1761 393 1824 rupibus
431 1762 671 1819 excidunt,
712 1762 897 1809 scaenis
934 1762 1110 1809 decora
1147 1762 1241 1808 alta
1278 1761 1474 1807 futuris:

191 1850 347 1912 qualis
384 1866 499 1912 apes
536 1860 714 1898 aestate
750 1867 875 1898 nova
912 1867 997 1912 per
1032 1851 1181 1897 florea
1217 1866 1323 1896 rura
1773 1870 1856 1911 430

192 1949 381 1986 exercet
418 1940 507 1986 sub
545 1940 642 1987 sole
679 1941 827 1997 labor,
867 1955 978 1986 cum
1015 1939 1169 2001 gentis
1205 1938 1390 1985 adultos

189 2027 397 2074 educunt
434 2028 570 2085 fetus,
608 2038 687 2075 aut
725 2045 834 2075 cum
872 2029 1098 2090 liquentia
1134 2028 1276 2074 mella

189 2117 363 2178 stipant
399 2128 445 2163 et
483 2118 611 2165 dulci
648 2118 926 2165 distendunt
964 2126 1152 2163 nectare
1191 2116 1347 2173 cellas,

188 2215 268 2251 aut
305 2221 451 2252 onera
487 2207 724 2268 accipiunt
762 2207 1051 2260 venientum,
1091 2213 1169 2251 aut
1207 2205 1398 2266 agmine
1436 2204 1562 2250 facto

187 2294 415 2355 ignamm
451 2295 587 2343 fucos
622 2311 771 2357 pecus
809 2311 836 2341 a
873 2295 1185 2357 praesepibus
1222 2304 1412 2350 arce11t3
1770 2313 1847 2352 435

187 2384 333 2431 fervet
369 2401 505 2446 opus,
545 2386 856 2446 redolentque
894 2384 1060 2445 thymo
1098 2383 1352 2444 fragrantia
1389 2382 1546 2428 mella.

188 2471 263 2519 ‘O
299 2472 538 2531 fortunati,
577 2489 782 2536 quorum
819 2474 914 2520 iam
952 2473 1145 2519 moenia
1182 2471 1438 2533 surguntl¹

186 2561 378 2608 Aeneas
414 2562 492 2618 ait,
533 2572 578 2609 et
614 2562 800 2625 fastigia
837 2563 1034 2624 suspicit
1069 2562 1212 2608 urbis.

186 2647 336 2696 Infert
374 2665 423 2696 se
461 2660 653 2712 saeptus
691 2652 865 2698 nebula
903 2650 1138 2714 (mirabile
1177 2649 1326 2710 dictu)

184 2753 268 2799 per
303 2738 489 2786 medios
525 2740 788 2803 miscetque
824 2741 947 2797 viris,
985 2755 1143 2803 neque
1181 2739 1388 2786 cernitur
1425 2738 1518 2783 ulli.
1766 2758 1846 2797 440
