1993 3123
703 176 913 218 LIBER
939 176 979 221 J.
1021 169 1193 220 226-2
1203 170 1285 220 80.

1758 186 1819 223 21

154 367 341 429 supz'lm‘
375 385 608 414 reassures
649 368 804 419 linus,
841 368 1087 431 mgfcddz'ng
1120 368 1190 413 l'lzc
1218 369 1425 414 desll'm'cs
1454 370 1512 430 ‘ff
1526 369 1704 415 Aemus
1734 371 1833 415 ancl

473 459 546 503 lll's
571 474 675 504 sons
700 459 798 503 (md
815 458 1065 519 llu‘sulnrc
1082 458 1257 517 glories
1284 457 1513 517 chomc.

232 580 327 629 Olli
366 581 618 628 subridens
656 580 908 627 hominum
947 591 1074 628 sator
1111 589 1251 643 atque
1291 580 1489 629 deorum

164 669 304 726 vultu,
345 684 441 731 quo
481 670 666 716 caelum
705 678 1105 732 tempestatesque
1144 678 1342 727 serenat,

162 758 326 805 oscula
367 757 526 804 libavit
564 768 718 814 natae,
758 758 929 805 dehine
967 759 1075 805 talia
1113 758 1264 805 satur:

166 846 342 894 ‘Parce
381 855 528 903 mem,
569 846 841 908 Cytherea:
894 857 1091 895 manent
1129 849 1329 894 immota
1368 856 1557 895 tuorum

164 936 260 982 fata
297 936 378 982 tibi
399 953 410 993 ;
461 951 626 982 cernes
664 937 832 983 urbem
870 945 916 983 et
953 938 1188 998 promissa
1227 936 1395 982 Lavini

163 1025 370 1082 moenia,
409 1025 766 1087 sublimemque
804 1025 923 1072 seres
961 1026 1021 1072 ad
1059 1026 1212 1073 sidera
1251 1026 1367 1072 caeli

163 1114 526 1175 magnanimum
564 1115 793 1172 Aenean3
845 1132 1001 1178 neque
1040 1131 1117 1162 me
1157 1116 1392 1162 sententia
1430 1115 1578 1161 vertit.

164 1201 260 1250 Hie
298 1204 380 1250 tibi
419 1202 575 1266 (fabor
612 1204 756 1262 enim,
795 1205 992 1266 quando
1030 1205 1149 1252 haec
1189 1214 1231 1251 te
1270 1220 1381 1251 cura
1418 1204 1672 1260 remordet,

161 1292 352 1355 longius
389 1303 433 1340 et
471 1294 664 1340 volvens
704 1294 910 1341 fatorum
950 1310 1126 1340 arcana
1166 1293 1396 1356 movebo)

162 1382 342 1428 bellum
378 1383 549 1445 ingens
585 1394 716 1445 geret
756 1383 891 1430 Italia
928 1383 1235 1444 populosque
1273 1382 1459 1430 feroces

163 1472 440 1528 contundet,
479 1487 735 1534 moresque
772 1473 878 1519 viris
916 1482 961 1519 et
998 1473 1192 1519 moenia
1232 1481 1396 1534 ponet,

163 1558 295 1608 tertia
332 1558 446 1608 dum
485 1561 624 1608 Latio
662 1570 944 1624 regnantem
983 1561 1147 1608 viderit
1185 1570 1340 1608 aestas

162 1660 390 1713 ternaque
427 1651 698 1698 transierint
737 1651 928 1697 Rutulis
966 1650 1165 1697 hiberna
1204 1651 1427 1698 subactis.

162 1741 225 1786 At
261 1755 380 1802 puer
417 1741 669 1798 Ascanius,
708 1741 784 1787 cui
826 1756 954 1787 nunc
995 1756 1271 1802 cognomen
1309 1740 1416 1787 Iulo

162 1829 351 1876 additur
387 1828 506 1893 (Ilus
543 1838 656 1887 erat,
697 1830 812 1876 dum
850 1846 925 1877 res
963 1831 1088 1878 stetit
1126 1830 1213 1876 Ilia
1250 1827 1437 1893 regno),

162 1918 352 1979 triginta
388 1933 595 1979 magnos
632 1918 881 1965 volvendis
918 1920 1168 1965 mensibus
1206 1919 1348 1965 orbes

161 2007 362 2068 imperio
399 2007 624 2069 explebit,
666 2023 965 2069 regnumque
1004 2009 1064 2054 ab
1103 2008 1214 2056 sede
1253 2007 1424 2054 Lavini

161 2095 424 2152 transferet,
462 2106 507 2142 et
544 2097 742 2158 longam
779 2097 927 2144 multa
964 2098 1007 2143 vi
1043 2097 1223 2142 muniet
1261 2097 1454 2142 Albam.

163 2185 259 2231 Hie
296 2185 393 2230 iam
428 2194 497 2231 ter
534 2195 731 2232 centum
769 2195 895 2233 totos
932 2187 1207 2248 regnabitur
1244 2200 1398 2231 annos

161 2283 304 2336 gente
343 2275 431 2320 sub
469 2274 730 2333 Hectorea,
771 2275 927 2322 donee
966 2276 1130 2337 regina
1171 2275 1394 2321 sacerdos

163 2362 320 2410 Marte
357 2365 511 2426 gravis
548 2365 796 2426 geminam
835 2374 972 2427 partu
1010 2365 1139 2411 dabit
1176 2364 1264 2411 Ilia
1300 2363 1502 2426 prolem.

162 2452 283 2500 Inde
320 2453 460 2515 lupae
497 2453 624 2501 fulvo
661 2454 860 2500 nutricis
898 2454 1108 2515 tegmine
1146 2453 1295 2500 laetus

163 2541 403 2589 Romulus
440 2543 645 2606 excipiet
682 2552 892 2605 gentem,
932 2554 978 2590 et
1016 2543 1254 2590 Mavortia
1292 2543 1468 2589 condet

162 2631 355 2678 moenia
392 2631 739 2695 Romanosque
778 2648 864 2679 suo
904 2633 961 2679 de
999 2634 1194 2680 nomine
1233 2632 1367 2679 dicet.

163 2720 255 2767 His
290 2736 383 2782 ego
423 2735 510 2767 nec
549 2730 700 2768 metas
737 2736 894 2768 rerum
933 2737 1023 2768 nec
1061 2732 1278 2784 tempora
1314 2737 1461 2784 pono,

162 2809 417 2870 imperium
455 2810 556 2857 sine
593 2810 686 2857 fine
726 2810 847 2857 dedi.
920 2810 1051 2868 Quin
1090 2826 1258 2873 aspera
1295 2810 1431 2867 Iuno,

163 2913 285 2960 quae
322 2911 453 2945 mare
491 2910 622 2945 nunc
659 2907 902 2961 terrasque
940 2908 1070 2946 metu
1108 2899 1388 2962 caelumque
1424 2899 1602 2961 fatigat,

1752 1124 1826 1162 260

1747 1570 1822 1622 265

1743 2909 1820 2946 :So
