1993 3123
107 101 176 152 28
791 110 1075 156 AENEIS.

138 251 318 298 Aeneas
342 257 489 298 enters
514 269 544 298 a
568 253 722 314 temple
737 269 760 307 ,·
798 255 949 314 seez‘ng
972 255 1043 299 the
1074 254 1122 299 T
1115 254 1248 316 rcy'an
1274 254 1432 300 ballles
1458 256 1658 316 depz'cled
1676 273 1732 302 οη

552 342 611 386 ils
636 343 785 398 walls,
812 343 863 386 hc
889 343 928 386 z's
953 343 1111 388 moved
1129 348 1171 388 lo
1196 348 1330 389 [cars.

175 436 333 483 Lucus
370 436 419 483 in
454 438 570 483 urbe
607 437 693 484 fuit
730 437 903 495 media,
941 438 1227 485 laetissimus
1264 442 1448 497 umbra,

103 538 202 585 quo
239 525 449 587 primurn
486 526 644 573 iactati
680 527 820 572 undis
859 535 904 572 et
941 528 1130 573 turbine
1168 527 1318 574 Poeni

103 613 313 660 effodere
351 613 460 661 loco
499 615 706 676 signum,
746 615 879 676 quod
918 616 1047 677 regia
1086 616 1209 662 Iuno

102 710 407 758 monstrarat,
447 712 591 764 caput
629 704 750 750 acris
789 705 896 766 equi
927 719 935 750 :
987 705 1053 751 sic
1092 720 1204 750 nani
1242 704 1340 751 fore
1378 705 1506 752 bello

103 790 351 852 egregiam
388 800 433 837 et
471 791 658 838 facilem
696 793 820 838 victu
858 808 942 854 per
980 793 1168 840 saecula
1204 802 1410 854 gentem.
1690 816 1768 855 445

106 878 204 925 Hic
245 880 477 941 templum
516 880 690 927 Iunoni
727 882 897 942 ingens
937 881 1132 928 Sidonia
1168 881 1298 928 Dido

105 968 360 1025 condebat,
399 968 538 1016 donis
575 970 857 1031 opulentum
894 980 939 1017 et
976 971 1172 1017 numine
1211 970 1362 1026 divae,

103 1070 246 1104 aerea
283 1056 359 1104 cui
396 1057 621 1118 gradibus
660 1061 919 1120 surgebant
957 1060 1119 1106 limina
1157 1076 1406 1122 nexaeque

104 1161 213 1193 aere
253 1147 424 1204 trabes,
462 1146 643 1194 foribus
681 1148 827 1194 cardo
866 1148 1092 1195 stridebat
1128 1149 1275 1195 aenis,

105 1234 221 1281 Hoc
258 1236 466 1296 primum
503 1236 551 1281 in
589 1236 697 1283 luco
736 1252 861 1284 nova
899 1253 973 1284 res
1010 1236 1172 1284 oblata
1210 1238 1432 1285 timorem
1689 1258 1772 1300 450

101 1324 249 1381 leniit,
286 1323 361 1370 hic
400 1324 607 1386 primum
643 1325 832 1372 Aeneas
870 1342 1057 1387 sperare
1095 1327 1296 1373 salutem

103 1428 249 1460 ausus
286 1423 331 1460 et
369 1413 553 1460 afflictis
590 1415 759 1462 melius
791 1416 1032 1463 confidere
1069 1418 1224 1463 rebus.

105 1500 331 1565 Namque
371 1504 458 1549 sub
496 1504 678 1566 ingenti
716 1504 882 1551 lustrat
920 1505 1035 1552 dum
1076 1506 1261 1566 singula
1300 1507 1479 1568 templo

106 1593 324 1653 reginam
361 1593 627 1655 opperiens,
669 1594 798 1651 dum,
837 1610 960 1656 quae
999 1594 1189 1641 fortuna
1227 1596 1284 1642 sit
1321 1596 1440 1653 urbi,

106 1681 437 1744 artificumque
475 1698 646 1729 manus
683 1683 804 1730 inter
843 1699 891 1730 se
929 1699 1227 1746 operumque
1266 1684 1481 1732 laborem

103 1770 312 1828 miratur,
350 1771 473 1818 videt
511 1771 680 1819 Iliacas
718 1789 776 1819 ex
815 1773 983 1820 ordine
1021 1789 1211 1835 pugnas

103 1859 321 1923 bellaque
359 1861 454 1907 iam
490 1861 618 1909 fama
653 1871 806 1909 totum
844 1862 1037 1924 vulgata
1074 1879 1159 1925 per
1197 1865 1378 1921 orbem,

103 1949 294 1996 Atridas
332 1950 670 2014 Priamumque
707 1960 751 1998 et
790 1968 983 1999 saevum
1022 1954 1258 2000 ambobus
1297 1954 1550 2001 Achillem.

106 2039 342 2097 Constitit,
381 2048 426 2087 et
461 2040 718 2087 lacrimans
760 2041 917 2099 ‘Quis
954 2043 1050 2088 iam
1088 2041 1248 2100 locus,'
1276 2043 1442 2105 inquit,
1483 2044 1710 2101 ‘Achate,

106 2143 227 2190 quae
266 2129 397 2189 regio
434 2129 482 2174 in
521 2130 654 2176 terris
692 2132 842 2177 nostri
881 2147 979 2178 non
1017 2132 1158 2193 plena
1195 2133 1400 2180 laboris?
1689 2141 1768 2190 460

104 2217 181 2262 En
218 2216 448 2264 Priamus.
524 2218 644 2265 Sunt
683 2220 758 2266 hic
799 2221 944 2266 etiam
984 2237 1068 2268 sua
1103 2223 1317 2284 praemia
1355 2223 1509 2280 laudi;

106 2315 213 2352 sunt
250 2305 470 2352 lacrimae
510 2324 670 2354 rerum
708 2320 753 2355 et
792 2320 1005 2356 mentem
1044 2311 1262 2357 mortalia
1299 2321 1514 2372 tangunt.

108 2394 245 2441 Solve
282 2404 465 2453 metus3
516 2396 630 2443 feret
668 2399 786 2445 haec
826 2400 1035 2461 aliquam
1074 2401 1156 2447 tibi
1194 2399 1321 2446 fama
1360 2396 1589 2445 salute1n.’

108 2484 184 2530 Sic
221 2484 299 2541 ait,
338 2493 477 2548 atque
516 2487 731 2533 animum
767 2489 951 2548 pictura
986 2490 1137 2550 pascit
1173 2489 1302 2535 inani

106 2572 253 2618 multa
290 2588 503 2635 gemens,
543 2576 775 2638 largoque
814 2586 1023 2624 umectat
1062 2578 1257 2624 flumine
1295 2578 1489 2626 vultum.
1688 2587 1764 2636 465

107 2661 331 2723 Namque
369 2663 572 2720 videbat,
610 2665 677 2711 uti
716 2665 948 2711 bellantes
987 2666 1221 2727 Pergama
1258 2668 1438 2714 circum

105 2748 194 2798 hac
230 2751 444 2814 sugerent
484 2753 630 2810 Graii,
669 2764 909 2814 premeret
947 2753 1161 2802 Troiana
1198 2756 1446 2814 iuventus‘3

107 2839 196 2887 hac
234 2839 456 2902 Phryges,
495 2842 686 2888 instaret
723 2857 865 2888 curru
902 2843 1119 2890 cristatus
1156 2844 1378 2892 Achilles.
