1993 3123
709 122 918 164 LIBER
944 122 985 165 I.
1030 115 1093 167 28
1107 132 1290 184 1—334.
1763 133 1827 185 23

167 257 420 319 explorare
462 272 623 316 novos,
664 274 782 321 quas
820 268 963 304 vento
1002 259 1255 304 accesserit
1293 274 1416 315 oras,

167 347 248 407 qui
284 355 495 404 teneant,
534 362 647 392 nam
685 346 858 393 inculta
896 346 1033 402 videt,
1075 346 1357 393 hominesne
1395 347 1602 408 feraene,

166 449 393 495 quaerere
431 435 670 482 constituit
708 436 944 497 sociisque
981 445 1151 482 exacta
1187 436 1369 482 referre.

126 576 132 582 .
168 522 386 570 Classem
422 524 471 569 in
510 540 727 572 convexo
765 540 1017 572 nemorum
1055 525 1144 570 sub
1183 540 1299 585 rupe
1339 534 1504 572 cavata
1748 546 1828 583 310

167 612 418 659 arboribus
455 612 665 660 clausam
703 615 880 660 circum
917 623 1059 674 atque
1098 613 1399 660 horrentibus
1437 615 1621 661 umbris

165 701 369 759 occulit3
425 702 523 763 ipse
562 718 660 749 uno
696 703 909 764 graditur
947 703 1197 748 comitatus
1233 702 1434 759 Achate,

166 790 279 836 bina
316 806 463 836 manu
501 791 595 838 lato
633 792 848 852 crispans
886 791 1070 837 hastilia
1106 790 1244 839 ferro.

167 879 257 926 Cui
294 889 444 927 mater
481 881 638 927 media
676 897 777 928 sese
815 881 915 927 tulit
952 881 1092 928 obvia
1129 881 1257 935 silva,

165 970 359 1031 virginis
397 986 451 1017 os
488 971 802 1032 habitumque
839 986 1011 1031 gerens
1048 979 1095 1016 et
1131 970 1326 1030 virginis
1362 985 1509 1025 arma,
1747 990 1824 1029 315

167 1059 430 1121 Spartanae
466 1060 538 1107 vel
576 1061 727 1122 qualis
764 1075 914 1122 equos
953 1059 1179 1105 Threissa
1217 1058 1379 1119 fatigat

166 1149 439 1212 Harpalyce
477 1149 816 1210 volucremque
852 1148 964 1209 fuga
1001 1148 1309 1209 praevertitur
1349 1148 1588 1193 Hebrum.

166 1238 391 1300 Namque
429 1239 605 1285 umeris
644 1239 702 1284 de
739 1254 874 1285 more
913 1237 1122 1284 habilem
1160 1236 1472 1298 suspenderat
1508 1251 1673 1283 arcum

164 1328 391 1384 venatrix,
431 1327 722 1389 dederatque
761 1342 952 1373 comam
991 1326 1256 1373 diffundere
1295 1326 1461 1381 ventis,

166 1415 295 1462 nuda
331 1431 459 1477 genu
497 1416 725 1478 nodoque
764 1416 894 1462 sinus
932 1415 1135 1462 collecta
1171 1414 1384 1460 fluentes
1748 1435 1828 1472 320

163 1505 235 1551 Ac
274 1505 398 1567 prior
436 1504 632 1551 ‘Heus'
672 1505 838 1566 inquit,
879 1504 1117 1560 ‘iuvenes,
1157 1513 1432 1559 monstrate,
1470 1519 1689 1550 mearum

163 1593 341 1641 vidistis
378 1594 416 1640 si
453 1609 599 1656 quam
635 1593 710 1640 hic
750 1605 990 1640 errantem
1027 1593 1144 1641 forte
1183 1608 1415 1648 sororum,

165 1684 459 1730 succinctam
497 1683 733 1744 pharetra,
774 1692 819 1729 et
855 1683 1128 1729 maculosae
1168 1683 1376 1742 tegmine
1415 1682 1563 1743 lyncis

164 1781 244 1819 aut
282 1773 547 1834 spumantis
586 1773 688 1834 apri
725 1787 918 1819 cursum
956 1772 1167 1818 clamore
1206 1771 1540 1833 p1·e1nentem.’

236 1861 312 1909 Sic
350 1861 531 1918 Venus,
570 1870 615 1907 et
651 1860 853 1908 Veneris
891 1870 1059 1908 contra
1097 1861 1164 1907 sic
1204 1860 1324 1906 filius
1361 1875 1528 1906 orsus:
1746 1881 1824 1920 325

166 1950 337 1998 ‘Nulla
378 1959 567 1998 tuarum
605 1951 763 1997 audita
801 1950 917 1996 mihi
956 1966 1112 2012 neque
1151 1950 1250 1996 visa
1289 1964 1520 2005 sororum,

164 2056 412 2103 o—quam
449 2049 493 2087 te
532 2055 812 2096 memorem,
852 2041 1022 2101 virgo?
1072 2055 1279 2100 namque
1317 2038 1445 2085 haud
1482 2039 1565 2084 tibi
1603 2039 1757 2085 vultus

165 2130 392 2187 mortalis,
430 2145 520 2176 nec
557 2144 651 2175 vox
689 2129 937 2175 hominem
976 2137 1113 2175 sonat
1133 2145 1144 2186 3
1185 2144 1214 2174 o
1253 2128 1342 2174 dea
1378 2136 1520 2183 certe,

165 2234 226 2264 an
264 2217 445 2264 Phoebi
484 2233 620 2265 soror
656 2233 717 2264 an
757 2217 1096 2279 Nympharum
1135 2217 1380 2277 sanguinis
1418 2218 1546 2262 una?

167 2305 239 2352 Sis
276 2305 399 2363 felix,
439 2315 752 2368 nostrumque
790 2306 915 2352 leves
954 2320 1286 2367 quaecumque
1323 2304 1549 2359 laborem,
1749 2324 1829 2361 330

164 2403 220 2451 et,
261 2409 357 2456 quo
395 2396 482 2441 sub
521 2395 653 2441 caelo
691 2395 900 2450 tandem,
941 2395 1113 2456 quibus
1152 2394 1281 2440 orbis
1318 2394 1366 2437 in
1404 2392 1497 2437 oris

164 2484 408 2539 iactemur,
446 2483 655 2542 doceas3
695 2484 847 2545 ignari
884 2483 1235 2544 hominumque
1273 2481 1587 2542 locorumque

165 2587 395 2628 erramus,
433 2581 575 2618 vento
613 2572 705 2619 huc
742 2572 882 2618 vastis
921 2580 965 2617 et
1002 2571 1224 2617 fluctibus
1262 2571 1382 2617 acti:

166 2659 314 2706 multa
350 2660 434 2707 tibi
472 2669 582 2707 ante
621 2676 726 2707 aras
764 2669 927 2708 nostra
963 2660 1100 2707 cadet
1137 2659 1292 2707 hostia
1328 2657 1523 2705 dextra?
