1993 3123
169 114 237 161 14
860 99 1143 145 AENEJS.

166 249 212 287 et
247 239 456 285 mulcere
495 236 621 284 dedit
658 236 831 283 fluctus
861 244 906 282 et
942 234 1108 281 tollere
1143 241 1303 289 vento,

164 344 283 391 gens
319 328 513 374 inimica
550 325 666 370 mihi
704 323 1010 385 Tyrrhenum
1048 323 1235 383 navigat
1273 336 1466 384 aequor,

166 418 308 464 Ilium
345 417 393 461 in
431 415 620 462 Italiam
657 422 853 475 portans
890 413 1134 474 victosque
1171 411 1402 458 Penates:

164 508 324 553 incute
360 505 456 551 vim
494 504 646 550 ventis
684 503 1052 563 submersasque
1090 503 1240 547 obrue
1277 515 1481 563 puppes,

165 603 246 643 aut
282 610 371 655 age
409 593 622 640 diversos
660 600 705 638 et
743 591 902 639 disiice
940 571 1143 653 corpora
1180 599 1346 652 ponto.
1783 606 1832 649 70

167 686 286 732 Sunt
323 683 440 729 mihi
478 682 549 728 bis
588 690 771 742 septem
810 681 1068 743 praestanti
1105 695 1308 741 corpore
1345 678 1620 742 Nymphae,

165 789 367 836 quarum
405 787 526 834 quae
564 770 715 817 forma
752 769 1073 832 pulcherrima
1109 769 1340 831 Deiopea,

166 863 374 910 conubio
411 862 609 922 iungam
647 859 801 905 stabili
839 860 1180 921 propriamque
1219 859 1409 916 dicabo,

165 967 335 1000 omnes
371 959 421 997 ut
458 959 618 996 tecum
654 950 832 996 meritis
868 964 957 1010 pro
993 948 1165 995 talibus
1203 963 1359 995 annos

165 1043 327 1103 exigat
362 1048 408 1087 et
445 1037 642 1101 pulchra
679 1037 822 1084 faciat
858 1046 901 1084 te
939 1037 1071 1099 prole
1108 1037 1387 1099 parentem?
1786 1052 1830 1094 75

233 1130 415 1177 Aeolus
450 1128 568 1174 haec
609 1136 800 1175 contra:
855 1125 1033 1183 ‘Tuus‚
1074 1127 1119 1174 O
1158 1128 1336 1188 regina,
1378 1126 1493 1188 quid
1531 1134 1682 1187 optes,

166 1219 415 1281 explorare
452 1217 621 1275 labor,
671 1216 788 1262 mihi
824 1216 951 1262 iussa
988 1231 1235 1277 capessere
1272 1215 1343 1261 fas
1381 1224 1463 1263 est.

167 1309 247 1355 Tu
283 1308 399 1354 mihi
440 1306 780 1368 quodcumque
818 1305 912 1352 hoc
951 1306 1099 1366 regni,
1138 1314 1187 1351 tu
1224 1313 1412 1366 sceptra
1450 1303 1714 1364 Iovemque

167 1398 407 1454 conciliaS,
445 1405 494 1442 tu
532 1395 616 1441 das
653 1394 804 1456 epulis
841 1395 1127 1441 accumbere
1162 1394 1337 1450 divum,

167 1488 540 1548 nimborumque
577 1484 691 1531 facis
729 1492 1165 1546 tempestatumque
1202 1481 1478 1544 potentem.’
1786 1489 1838 1526 80

439 1644 607 1693 Aeolus
637 1646 783 1690 γαίας
808 1662 836 1690 α
862 1650 1016 1691 slorm.
1094 1643 1268 1690 Terror
1292 1643 1355 1707 of
1365 1643 1562 1689 Aenea&

237 1758 375 1805 Haec
411 1757 492 1802 ubi
530 1756 668 1811 dicta,
707 1771 877 1802 cavum
917 1770 1146 1802 conversa
1184 1753 1380 1815 cuspide
1418 1748 1635 1800 montem

168 1848 350 1911 impulit
386 1847 437 1892 in
473 1845 623 1892 latus:
676 1861 731 1892 ac
768 1846 896 1891 venti
933 1845 1060 1891 velut
1098 1845 1287 1905 agmine
1326 1843 1466 1900 facto,

168 1952 261 2001 qua
299 1936 407 1982 data
444 1942 592 1996 porta,
631 1942 772 1980 ruunt
809 1944 855 1981 et
893 1943 1038 1981 terras
1075 1934 1259 1980 turbine
1297 1933 1515 1996 perflant.

167 2027 433 2074 Incubuere
474 2024 608 2082 mari,
648 2033 898 2087 totumque
937 2041 963 2071 a
1002 2024 1193 2071 sedibus
1231 2024 1336 2070 imis

167 2132 263 2163 una
300 2115 552 2176 Eurusque
592 2113 844 2176 Notusque
882 2122 1026 2160 ruunt
1063 2114 1323 2175 creberque
1361 2111 1583 2174 procellis
1789 2119 1838 2169 85

168 2205 371 2260 Africus,
411 2212 456 2250 et
491 2212 652 2249 vastos
688 2202 884 2249 volvunt
923 2203 984 2249 ad
1022 2203 1159 2249 litora
1195 2202 1376 2248 fluctus

170 2294 439 2356 Insequitur
476 2292 754 2352 clamorque
791 2291 944 2337 virum
983 2290 1248 2352 stridorque
1284 2289 1552 2336 rudentum.

168 2382 388 2443 Eripiunt
425 2381 582 2426 subito
620 2381 771 2426 nubes
810 2380 1091 2441 caelumque
1129 2378 1353 2440 diemque

171 2470 475 2517 Teucrorum
512 2484 570 2515 ex
610 2469 789 2515 oculis:
844 2478 994 2531 ponto
1032 2483 1130 2515 nox
1169 2468 1363 2514 incubat
1399 2474 1514 2514 atra.

169 2559 429 2607 1ntonuere
467 2558 566 2620 poli
604 2568 648 2605 et
688 2559 864 2605 crebris
901 2558 1045 2604 micat
1083 2557 1272 2618 ignibus
1307 2555 1486 2613 aether,
1789 2574 1842 2616 90

170 2657 570 2711 praesentemque
607 2647 715 2692 viris
754 2648 991 2693 intentant
1027 2647 1191 2694 omnia
1226 2654 1445 2692 mortem.

170 2737 430 2799 Extemplo
468 2737 664 2784 Aeneae
702 2734 947 2782 solvuntur
984 2734 1158 2796 frigore
1196 2736 1446 2794 membra3

168 2826 382 2889 ingemit,
424 2834 469 2875 et
508 2824 721 2889 duplices
757 2823 958 2872 tendens
995 2823 1056 2871 ad
1095 2824 1247 2870 sidera
1283 2824 1468 2887 palmas
