1993 3123
686 116 896 158 LIBER
934 117 975 158 J.
1019 120 1050 173 5
1055 110 1231 177 53-60
1236 120 1283 173 5.

1738 129 1804 179 33

151 309 245 355 The
267 310 403 356 cloud
432 309 586 355 bursis
611 316 715 368 open
746 308 846 352 and
863 306 1043 352 Aeneas
1067 307 1225 352 stands
1254 308 1468 353 revealcd.
1542 307 1619 352 He
1645 309 1811 355 thanks

520 396 648 443 Dido
671 396 770 442 and
782 396 952 441 salules
976 396 1051 440 his
1077 395 1164 440 lost
1184 396 1425 441 comradcs.

212 507 305 554 His
342 506 556 553 animum
592 505 759 552 arrecti
797 504 933 551 dictis
970 513 1015 550 et
1053 503 1185 551 fortis
1222 503 1433 551 Achates

143 604 189 643 et
224 603 360 657 pater
395 596 586 642 Aeneas
623 594 904 641 iamdudum
944 609 1194 655 erumpere
1230 594 1408 640 nubem

70 739 76 745 ,
142 684 389 731 ardebant.
460 683 596 730 Prior
631 683 833 730 Aenean
870 682 1126 743 compellat
1160 682 1401 729 Achates:

144 772 297 820 ‘Nate
334 771 438 828 dea,
477 786 599 833 quae
638 786 767 818 nunc
807 771 970 818 animo
1009 772 1245 818 sententia
1283 771 1461 831 surgit?

144 861 326 908 Omnia
362 868 461 907 tuta
496 860 641 917 vides,
681 860 886 908 classem
925 860 1178 921 sociosque
1215 869 1447 920 receptos.

141 949 283 997 Unus
319 951 469 1007 abest,
506 951 668 998 medio
706 951 755 996 in
791 950 940 998 fluctu
979 965 1124 1011 quem
1160 949 1365 995 vidimus
1403 949 1490 1010 ipsi

142 1040 477 1098 submersum‚·
526 1040 664 1087 dictis
700 1039 997 1102 respondent
1034 1047 1191 1086 cetera
1226 1036 1418 1084 matris.’

141 1128 238 1175 Vix
276 1144 333 1176 ea
369 1128 492 1176 fatus
529 1137 642 1187 erat,
683 1145 793 1176 cum
833 1127 1122 1176 circumfusa
1159 1135 1354 1190 repente

142 1217 314 1267 scindit
351 1233 400 1265 se
438 1219 593 1266 nubes
630 1227 677 1265 et
713 1219 760 1265 in
799 1218 993 1265 aethera
1029 1225 1202 1278 purgat
1238 1226 1472 1278 apertum.

142 1306 331 1354 Restitit
368 1308 563 1355 Aeneas
601 1308 824 1368 claraque
862 1307 910 1352 in
946 1307 1050 1353 luce
1088 1305 1268 1353 refulsit

140 1411 194 1444 os
230 1411 517 1458 umerosque
554 1396 646 1444 deo
686 1396 880 1453 similis;
931 1410 1140 1456 namque
1178 1394 1281 1455 ipsa
1320 1394 1546 1441 decoram

140 1485 400 1533 caesariem
437 1493 552 1532 nato
589 1486 806 1547 genetrix
846 1484 1103 1546 lumenque
1140 1484 1356 1530 iuventae

139 1589 434 1637 purpureum
470 1582 517 1621 et
551 1574 703 1622 laetos
742 1573 894 1621 oculis
932 1572 1111 1620 afflarat
1148 1572 1386 1620 honores:

140 1663 279 1726 quale
316 1679 490 1711 manus
528 1662 712 1711 addunt
749 1663 884 1710 ebori
921 1662 1084 1720 decus,
1124 1669 1202 1708 aut
1238 1662 1319 1709 ubi
1357 1661 1481 1708 flavo

140 1761 392 1815 argentum
428 1752 650 1801 Pariusve
688 1752 810 1814 lapis
852 1751 1173 1799 circumdatur
1210 1767 1340 1799 auro.

140 1843 273 1890 Tum
311 1842 378 1890 sic
414 1843 631 1905 reginam
668 1842 926 1904 alloquitur
963 1841 1241 1904 cunctisque
1277 1848 1473 1903 repente

138 1933 425 1995 improvisus
462 1932 551 1979 ait:
604 1931 823 1989 ‘Coram‚
867 1946 1013 1993 quern
1052 1931 1289 1993 quaeritis,
1329 1929 1497 1976 adsum

140 2021 318 2070 Troius
354 2021 559 2078 Aeneas,
599 2020 791 2082 Libycis
829 2028 1016 2081 ereptus
1053 2020 1114 2066 ab
1150 2018 1301 2065 undis.

141 2110 186 2159 O
225 2110 327 2158 sola
363 2109 586 2157 infandos
626 2109 803 2156 Troiae
843 2109 1068 2155 miserata
1104 2107 1306 2163 labores,

140 2214 263 2263 quae
299 2213 400 2256 nos,
440 2198 663 2261 reliquias
702 2198 944 2252 Danaum,
983 2205 1230 2256 terraeque
1267 2196 1507 2257 marisque

140 2288 366 2335 omnibus
402 2286 661 2335 exhaustos
697 2287 794 2332 iam
833 2286 1036 2342 casibus,
1075 2285 1294 2331 omnium
1331 2299 1512 2345 egenos

139 2377 259 2423 urbe
296 2376 444 2424 domo
481 2376 648 2431 socias,
687 2382 844 2437 grates
882 2373 1152 2436 persolvere
1191 2373 1360 2435 dignas

140 2480 238 2513 non
274 2466 380 2527 opis
415 2473 486 2512 est
522 2471 729 2522 nostrae,
769 2463 913 2520 Dido,
953 2478 1041 2510 nec
1080 2462 1315 2524 quidquid
1352 2461 1529 2524 ubique
1567 2469 1636 2509 est

140 2553 295 2616 gentis
330 2552 621 2609 Dardaniae,
660 2566 896 2613 magnum
933 2566 1057 2613 quae
1095 2566 1261 2613 sparsa
1298 2566 1382 2613 per
1419 2551 1600 2597 orbem.

140 2642 206 2689 Di
240 2643 337 2698 tibi,
376 2642 414 2689 si
452 2657 548 2704 qua
583 2642 691 2704 pios
728 2648 999 2703 respectant
1035 2641 1248 2699 numina,
1290 2641 1328 2688 si
1367 2639 1483 2702 quid

141 2746 348 2794 usquam
383 2730 558 2777 iustitia
595 2738 666 2778 est
702 2739 748 2777 et
783 2745 922 2777 mens
960 2729 1050 2776 sibi
1087 2730 1283 2776 conscia
1318 2728 1446 2787 recti,

142 2820 355 2883 praemia
391 2819 538 2881 digna
575 2818 741 2867 ferant.
815 2818 955 2877 Quae
995 2827 1041 2864 te
1079 2826 1179 2863 tam
1217 2816 1340 2863 laeta
1377 2816 1585 2863 tulerunt

958 2923 983 2954 c

1730 604 1809 651 580

1729 1502 1809 1543 590

1727 1947 1804 1989 595

1728 2379 1807 2418 600

1725 2822 1801 2873 605
