1993 3123
132 93 199 146 30
781 81 1064 124 AENEJS.

132 222 294 281 regina
331 220 392 266 ad
428 219 674 281 templum,
712 219 864 266 forma
903 219 1222 280 pulcherrima
1261 217 1404 274 Dido,

131 310 321 356 incessit
356 324 534 370 magna
570 308 796 354 iuvenum
833 309 1035 369 stipante
1073 316 1275 354 caterva.

132 397 301 456 Qualis
338 398 385 443 in
420 397 630 445 Eurotae
666 397 779 458 ripis
817 406 896 443 aut
934 412 1016 458 per
1052 397 1162 458 iuga
1199 396 1375 457 Cynthi

130 496 318 534 exercet
354 487 511 533 Diana
549 486 736 543 choros,
775 501 920 547 quarn
957 486 1310 548 mille-secutae

130 577 240 623 hinc
276 585 415 637 atque
452 575 560 622 hinc
600 576 927 637 glomerantur
964 574 1206 633 Oreades;
1256 574 1335 622 illa
1370 574 1643 637 pharetram
1712 595 1792 635 500

130 665 217 712 fert
252 681 435 722 umero,
472 665 791 727 gradiensque
829 665 943 711 deas
981 665 1302 727 supereminet
1338 679 1537 722 omnes3

131 755 346 802 Latonae
384 755 580 801 tacitum
617 763 940 816 pertemptant
977 754 1150 815 gaudia
1189 760 1382 814 pectus:

131 845 235 891 talis
272 853 371 890 erat
407 843 551 899 Dido,
590 843 736 889 talem
775 859 823 890 se
862 843 983 889 laeta
1021 843 1200 889 ferebat

129 949 213 995 per
250 933 446 989 mediOS,
486 933 666 979 instans
706 933 837 994 operi
877 933 1136 994 regnisque
1174 931 1350 978 futuris.

130 1023 261 1069 Tum
299 1022 477 1069 foribus
516 1022 664 1077 divae,
705 1022 862 1068 media
901 1038 926 1068 e
965 1021 1200 1068 testudine
1238 1021 1416 1083 templi,
1715 1041 1791 1080 505

131 1121 294 1174 saepta
331 1112 473 1158 armis
513 1111 728 1171 solioque
767 1111 858 1157 alte
897 1111 1103 1157 subnixa
1141 1111 1327 1157 resedit.

130 1202 241 1248 Iura
276 1201 419 1247 dabat
456 1201 681 1262 legesque
718 1201 841 1256 viris,
880 1215 1177 1262 operumque
1214 1199 1428 1246 laborem

129 1291 341 1352 partibus
380 1291 619 1352 aequabat
654 1290 787 1336 iustis
825 1298 907 1336 aut
944 1298 1066 1337 sorte
1104 1288 1334 1343 trahebat,

130 1396 240 1427 cum
277 1380 436 1427 subito
473 1380 664 1426 Aeneas
703 1395 942 1426 concursu
981 1379 1210 1426 accedere
1248 1393 1429 1437 magno

130 1468 320 1516 Anthea
359 1468 732 1530 Sergestumque
768 1468 894 1515 videt
931 1467 1201 1529 fortemque
1239 1466 1531 1514 Cloanthum
1716 1486 1794 1527 510

131 1559 525 1620 Teucrorumque
563 1558 693 1614 alios,
732 1566 831 1604 ater
868 1572 989 1620 quos
1027 1573 1236 1620 aequore
1273 1558 1413 1603 turbo

130 1648 387 1710 dispulerat
425 1648 710 1709 penitusque
748 1648 862 1694 alias
900 1655 1119 1695 avexerat
1157 1663 1277 1694 oras.

131 1737 392 1800 Obstupuit
431 1737 570 1784 simul
610 1738 724 1799 ipse,
765 1738 903 1784 simul
940 1752 1194 1799 percussus
1231 1736 1440 1783 Achates

131 1829 398 1889 laetitiaque
436 1837 686 1890 metuque:
737 1827 860 1873 avidi
897 1827 1186 1889 coniungere
1223 1827 1413 1873 dextras

132 1919 374 1975 ardebant,
414 1917 498 1964 sed
535 1932 612 1964 res
649 1917 838 1964 animos
876 1917 1120 1978 incognita
1157 1917 1328 1962 turbat.
1713 1934 1792 1975 515

132 2007 445 2055 Dissimulant
483 2016 527 2053 et
564 2007 692 2052 nube
731 2021 847 2053 cava
885 2006 1190 2068 speculantur
1227 2005 1399 2061 amicti,

133 2113 255 2160 quae
294 2097 483 2143 fortuna
520 2096 640 2153 viris,
680 2095 881 2142 classem
918 2110 1015 2156 quo
1050 2095 1184 2142 litore
1220 2095 1450 2156 linquant,

133 2187 248 2248 quid
283 2186 502 2232 veniant:
555 2186 736 2232 cunctis
772 2200 885 2231 nam
923 2184 1030 2231 lecti
1068 2185 1268 2230 navibus
1305 2184 1438 2229 ibant

132 2286 320 2323 orantes
355 2275 557 2331 veniam,
594 2282 638 2319 et
675 2274 906 2335 templum
944 2273 1152 2320 clamore
1190 2273 1428 2334 petebant.

225 2434 438 2484 Ilioneus,
469 2434 786 2497 speaksngsor
812 2435 881 2480 slze
905 2439 1009 2491 ress,
1039 2434 1288 2495 complains
1313 2432 1374 2493 of
1387 2433 1709 2477 ill-lrcalmcnl

516 2540 570 2568 on
598 2523 806 2582 landz'ng,
832 2524 931 2568 and
948 2524 1111 2568 claz'ms
1125 2524 1394 2584 prolecll'on.

200 2634 464 2695 Postquam
502 2633 777 2694 introgressi
815 2642 860 2679 et
898 2649 1061 2680 coram
1099 2632 1208 2679 data
1244 2632 1382 2693 copia
1426 2631 1568 2679 sandi.
1717 2650 1795 2689 520

132 2724 370 2771 maximus
407 2722 618 2769 Ilioneus
653 2722 842 2783 placido
880 2722 944 2768 sic
983 2730 1178 2783 pectore
1215 2721 1398 2782 coepit:

137 2812 209 2860 ‘O
246 2814 421 2873 regina,
460 2827 634 2858 novam
672 2812 747 2858 cui
785 2811 990 2857 condere
1028 2810 1242 2872 Iuppiter
1279 2811 1448 2856 urbem
