1993 3123
148 88 217 154 36
835 89 1119 134 AENEJS.

146 244 234 290 pro
262 227 399 278 >dulci
433 225 647 273 Ascanio
684 225 853 282 veniat,
892 225 1129 286 donisque
1166 224 1403 271 furentem

146 316 373 363 incendat
409 315 627 377 reginam
666 324 809 375 atque
846 313 1035 359 ossibus
1072 313 1281 374 implicet
1317 314 1492 373 ignem.
1731 318 1813 357 660

148 405 342 466 Quippe
380 404 580 450 domum
618 402 751 448 timet
789 400 1066 462 ambiguam
1105 400 1378 462 Tyriosque
1416 401 1680 462 bilingues;

146 492 236 539 urit
273 500 410 538 atrox
450 491 588 548 Iuno,
629 500 674 536 et
713 490 802 536 sub
840 498 1034 536 noctem
1073 503 1188 551 cura
1225 497 1449 536 recursat.

146 580 281 642 Ergo
319 579 390 626 his
429 579 658 640 aligerum
696 579 830 624 dictis
867 578 1039 624 affatur
1074 578 1345 624 Amorem:

147 668 320 725 ‘Nate,
359 684 492 714 meae
530 668 664 725 vires,
704 682 813 713 mea
849 681 1031 728 magna
1066 667 1278 728 potentia
1315 666 1458 723 solus,

148 765 272 814 nate,
312 755 465 803 Patris
503 756 677 802 summi
715 756 797 818 qui
832 755 925 802 tela
964 754 1190 816 ijhoia
1226 756 1415 811 temnis,
1733 761 1812 813 665

149 845 211 892 ad
247 853 291 891 te
329 844 559 905 confugio
597 854 642 891 et
680 844 883 906 supplex
920 852 1002 889 tua
1038 844 1237 890 numina
1275 859 1438 905 posco.

147 935 315 982 Frater
351 944 402 980 ut
439 934 630 981 Aeneas
667 933 841 995 pelago
879 941 987 979 tuus
1023 934 1187 979 omnia
1226 934 1405 980 circum

148 1024 284 1071 litora
320 1023 519 1069 iactetur
556 1022 676 1069 odiis
714 1022 916 1068 Iunonis
953 1023 1168 1078 acerbae,

149 1122 264 1158 nota
300 1112 398 1168 tibi2
440 1120 486 1158 et
522 1121 688 1158 nostro
727 1110 917 1156 doluisti
954 1125 1097 1172 saepe
1136 1110 1314 1158 dolore.

149 1201 293 1249 Nunc
331 1195 597 1247 Phoenissa
635 1208 763 1246 tenet
800 1198 930 1246 Dido
968 1199 1254 1261 blandisque
1293 1212 1505 1246 moratur
1737 1206 1818 1259 670

149 1290 376 1346 vocibus;
429 1298 474 1336 et
510 1303 690 1346 vereor,
731 1303 829 1350 quo
870 1303 919 1335 se
957 1287 1165 1335 Iunonia
1204 1297 1387 1335 vertant

148 1380 383 1441 hospitia3
434 1377 562 1426 haud
599 1387 731 1425 tanto
769 1378 976 1424 cessabit
1013 1378 1206 1425 cardine
1245 1394 1418 1425 rerum.

150 1469 392 1527 Quocirca
430 1484 601 1531 capere
640 1476 749 1514 ante
789 1468 908 1515 dolis
946 1476 991 1514 et
1027 1468 1218 1529 cingere
1255 1468 1451 1514 flamma

150 1559 367 1621 reginam
404 1558 622 1614 meditor,
662 1573 723 1604 ne
762 1573 860 1619 quo
898 1572 947 1603 se
985 1557 1183 1603 numine
1220 1566 1384 1614 mutet,

149 1648 235 1696 sed
271 1662 454 1709 magno
492 1648 689 1694 Aeneae
726 1662 919 1693 mecum
958 1655 1173 1693 teneatur
1210 1661 1387 1693 amore.
1739 1653 1818 1705 675

149 1738 261 1796 Qua
298 1737 455 1785 facere
493 1737 541 1782 id
578 1737 746 1798 possis,
787 1744 1003 1782 nostram
1041 1751 1172 1782 nunc
1209 1736 1377 1798 accipe
1414 1748 1645 1783 mentem.

151 1826 336 1889 Regius
375 1827 529 1874 accitu
567 1826 664 1874 cari
702 1825 934 1887 genitoris
975 1825 1036 1872 ad
1073 1826 1242 1872 urbem

151 1915 401 1963 Sidoniam
438 1931 557 1978 puer
593 1916 660 1961 ire
696 1923 844 1977 parat,
883 1930 994 1962 mea
1029 1914 1240 1960 maxima
1279 1929 1409 1970 cura,

151 2005 280 2051 dona
317 2004 471 2051 ferens
509 2005 684 2066 pelago
722 2014 769 2051 et
805 2004 1013 2050 flammis
1050 2004 1277 2050 restantia
1315 2002 1523 2061 Troiae;

150 2094 281 2140 hunc
317 2109 411 2154 ego
449 2094 661 2154 sopitum
699 2107 874 2139 somno
915 2108 1055 2153 super
1094 2093 1186 2139 alta
1225 2092 1433 2154 Cythera
1741 2100 1823 2138 680

150 2192 230 2229 aut
269 2198 410 2244 super
449 2182 653 2228 Idalium
692 2191 877 2228 sacrata
915 2181 1027 2227 sede
1065 2181 1343 2238 recondam,

150 2286 210 2317 ne
248 2286 343 2332 qua
381 2272 496 2317 scire
534 2271 674 2317 dolos
711 2271 959 2317 mediusve
997 2286 1246 2318 occurrere
1282 2271 1445 2332 possit.

153 2358 233 2405 Tu
270 2358 443 2406 faciem
479 2359 602 2406 illius
640 2368 834 2406 noctem
872 2375 971 2406 non
1010 2359 1213 2421 amplius
1250 2375 1397 2405 unam

151 2447 260 2494 falle
299 2448 412 2495 dolo
451 2458 495 2494 et
534 2460 676 2496 notos
713 2449 844 2510 pueri
886 2464 1005 2510 puer
1042 2449 1187 2494 indue
1225 2448 1394 2504 vultus,

151 2545 216 2594 ut,
258 2551 368 2583 cum
408 2546 452 2583 te
490 2538 676 2598 gremio
715 2537 915 2599 accipiet
953 2538 1211 2584 laetissima
1250 2536 1381 2584 Dido
1743 2542 1821 2593 685

152 2625 338 2685 regales
375 2626 496 2672 inter
533 2641 725 2672 mensas
762 2627 1047 2686 laticemque
1086 2625 1316 2688 Lyaeum,

155 2729 266 2760 cum
303 2713 433 2761 dabit
471 2715 722 2777 amplexus
760 2724 902 2777 atque
940 2715 1105 2762 oscula
1142 2715 1301 2761 dulcia
1338 2715 1464 2775 figet,

156 2802 395 2849 occultum
434 2804 633 2865 inspires
670 2804 835 2865 ignem
872 2803 1103 2865 fallasque
1141 2803 1354 2850 veneno?
