1993 3123
709 92 921 135 LIBER
959 91 1000 136 I.
1043 86 1306 151 659-715.
1781 99 1845 152 37

174 230 318 277 Paret
353 228 506 275 Amor
544 227 683 274 dictis
721 242 859 274 carae
896 226 1167 288 genetricis,
1207 234 1252 273 et
1291 226 1388 272 alas

169 319 308 367 exuit
345 327 390 364 et
425 330 594 378 gressu
630 315 848 377 gaudens
885 314 1060 362 incedit
1097 314 1199 361 Iuli.
1765 323 1845 375 690

173 408 238 452 At
276 406 443 453 Venus
480 404 695 452 Ascanio
731 403 973 465 placidam
1010 419 1095 465 per
1130 404 1346 450 membra
1385 404 1592 465 quietem

178 496 357 556 irrigat,
397 505 441 540 et
480 492 635 540 sotum
671 493 857 554 gremio
895 493 984 539 dea
1021 492 1142 539 tollit
1179 493 1226 538 in
1265 492 1385 539 altos

174 583 354 630 Idaliae
390 582 538 640 lucos,
578 581 659 628 ubi
696 581 853 629 mollis
891 596 1142 629 amaracus
1179 581 1312 627 illum

169 672 369 719 floribus
406 682 451 718 et
490 670 615 718 dulci
653 671 871 732 aspirans
910 670 1244 731 complectitur
1281 670 1465 717 umbra.

256 830 298 878 C
299 831 414 893 apid
417 831 550 893 joz'ns
575 832 645 877 the
673 830 953 891 bcmquclcrs,
981 830 1235 891 isfondlcd
1255 830 1308 889 by
1334 829 1473 887 Dido,
1504 831 1602 876 and
1622 831 1777 892 begins

795 925 836 964 lo
851 919 969 980 plqy
993 919 1067 965 his
1084 925 1209 980 part.

167 1031 373 1093 Iamque
411 1029 509 1075 ibat
546 1028 673 1076 dicto
711 1044 885 1090 parens
923 1038 966 1075 et
1005 1028 1135 1075 dona
1175 1027 1367 1090 Cupido
1765 1038 1841 1089 695

167 1119 302 1181 regia
339 1118 564 1179 portabat
603 1117 764 1179 Tyriis
802 1117 925 1165 duce
962 1117 1114 1164 laetus
1153 1117 1356 1165 Achate.

165 1207 299 1254 Cum
336 1206 476 1265 venit,
517 1205 693 1253 aulaeis
732 1206 827 1252 iam
859 1221 909 1253 se
947 1207 1112 1267 regina
1149 1207 1367 1268 superbis

171 1310 313 1344 aurea
350 1295 621 1356 composuit
659 1295 848 1355 sponda
885 1294 1194 1357 mediamque
1233 1296 1402 1342 locavit
1421 1312 1431 1352 ;

169 1386 266 1432 iarn
302 1393 435 1446 pater
473 1384 666 1431 Aeneas
705 1392 750 1430 et
788 1384 884 1429 iam
924 1383 1138 1430 Troiana
1176 1384 1392 1431 iuventus

164 1474 477 1530 conveniunt,
516 1482 764 1535 stratoque
803 1487 946 1534 super
984 1473 1297 1520 discumbitur
1336 1483 1478 1521 ostro.
1765 1494 1841 1534 700

169 1562 302 1610 Dant
339 1562 564 1609 manibus
602 1561 766 1609 famuli
804 1562 1040 1624 lymphas,
1083 1562 1407 1625 Cereremque
1447 1564 1665 1611 canistris

164 1651 446 1714 expediunt,
486 1652 735 1712 tonsisque
774 1651 930 1697 ferunt
968 1652 1195 1698 mantelia
1232 1652 1361 1698 villis.

163 1741 536 1803 Quinquaginta
572 1740 698 1787 intus
735 1739 956 1798 famulae,
998 1741 1174 1802 quibus
1211 1741 1381 1788 ordine
1417 1741 1564 1802 longo

163 1846 283 1879 cura
319 1844 502 1892 penum
541 1840 722 1876 struere
759 1838 806 1876 et
842 1829 1050 1876 flammis
1087 1829 1277 1876 adolere
1315 1840 1548 1892 penates3

160 1930 361 1966 centum
399 1918 516 1965 aliae
554 1919 853 1980 totidemque
891 1934 1032 1980 pares
1070 1928 1226 1966 aetate
1263 1920 1477 1977 ministri,
1762 1938 1835 1979 705

161 2008 249 2071 qui
285 2008 488 2070 dapibus
525 2023 719 2055 mensas
757 2018 957 2055 onerent
995 2018 1039 2055 et
1077 2009 1253 2069 pocula
1291 2021 1488 2069 ponant.

167 2096 273 2144 Nec
311 2113 411 2144 non
447 2109 493 2143 et
533 2097 669 2159 Tyrii
706 2113 793 2158 per
829 2097 994 2144 limina
1029 2097 1152 2144 laeta
1189 2097 1464 2159 frequentes

160 2202 452 2244 convenere,
490 2187 604 2234 toris
642 2187 758 2233 iussi
796 2187 1100 2234 discumbere
1137 2187 1289 2248 pictis.

164 2274 406 2322 Mirantur
442 2276 571 2323 dona
606 2277 816 2333 Aeneae,
853 2276 1086 2322 mirantur
1124 2276 1281 2322 Iulum

162 2364 518 2426 flagrantesque
557 2364 634 2412 dei
669 2365 825 2411 vultus
863 2365 1179 2427 simulataque
1217 2366 1360 2412 verba
1758 2384 1835 2426 710

160 2452 437 2516 pallamque
474 2464 519 2500 et
556 2454 738 2514 pictum
775 2469 949 2501 croceo
986 2454 1204 2501 velamen
1243 2454 1463 2501 acantho,

161 2540 432 2604 Praecipue
468 2541 646 2600 infelix,
685 2544 810 2605 pesti
848 2543 1019 2590 devota
1056 2542 1254 2600 futurae,

160 2630 347 2692 expleri
384 2641 598 2679 mentem
635 2633 799 2695 nequit
837 2633 1137 2695 ardescitque
1175 2632 1356 2679 tuendo

163 2717 442 2778 Phoenissa,
480 2732 526 2767 et
561 2722 735 2783 pariter
769 2737 920 2784 puero
957 2722 1194 2785 donisque
1231 2731 1461 2769 movetur.

162 2806 250 2854 Ille
286 2809 368 2855 ubi
405 2811 663 2872 complexu
699 2812 894 2858 Aeneae
933 2812 1155 2873 colloque
1194 2811 1422 2873 pependit
1754 2829 1828 2868 715
