1993 3123
719 98 930 140 LIBER
968 99 1008 140 I.
1050 91 1318 156 496—552.
1782 109 1843 161 31

189 234 459 297 iustitiaque
499 233 626 280 dedit
664 242 832 293 gentes
869 233 1052 280 frenare
1090 236 1335 295 superbas,

190 322 346 369 Troes
384 332 429 368 te
466 322 641 375 miseri,
682 322 832 368 ventis
869 323 1018 368 maria
1055 323 1218 369 onmia
1253 324 1390 378 vecti,

191 426 410 458 oramus:
460 409 660 471 prohibe
697 409 918 457 infandos
956 426 984 456 a
1021 412 1220 457 navibus
1257 412 1410 473 ignes,
1772 433 1848 472 525

189 515 330 561 parce
366 500 446 560 pio
482 499 660 560 generi,
699 508 744 545 et
782 500 978 560 propius
1015 515 1088 546 res
1125 501 1283 561 aspice
1321 509 1523 548 nostras.

190 588 304 635 Non
343 603 431 634 nos
469 596 547 634 aut
584 587 709 634 ferro
747 587 956 648 Libycos
992 588 1222 649 populare
1258 598 1455 651 penates

189 677 406 723 venimus
443 684 523 722 aut
560 684 716 737 raptas
754 677 815 722 ad
852 677 987 723 litora
1024 686 1199 724 vertere
1237 679 1466 740 praedas;

190 781 288 812 non
326 781 382 811 ea
418 766 487 810 vis
525 765 687 812 animo
724 781 812 812 nec
848 774 982 812 tanta
1020 768 1241 827 superbia
1278 768 1424 814 victis.

190 854 276 901 Est
313 854 460 911 locus,
501 853 792 915 Hesperiam
831 853 961 901 Graii
999 856 1291 916 cognomine
1329 856 1506 913 dicunt,
1771 877 1850 916 530

190 952 313 990 terra
351 943 559 1004 antiqua,
597 952 768 1004 potens
806 944 951 990 armis
988 954 1131 1005 atque
1168 946 1312 991 ubere
1349 945 1548 1007 glaebae
1567 961 1579 1003 ;

190 1031 390 1079 Oenotri
429 1032 619 1079 coluere
656 1033 769 1091 viri3
819 1048 946 1080 nunc
984 1032 1112 1080 fama
1148 1034 1355 1081 minores

191 1121 374 1168 Italiam
413 1122 589 1168 dixisse
627 1122 762 1169 ducis
799 1122 856 1169 de
894 1122 1092 1169 nomine
1128 1131 1352 1184 gentem3

189 1211 265 1266 hic
304 1225 471 1257 cursus
508 1210 607 1267 fuit,

189 1314 300 1346 cum
339 1300 497 1346 subito
535 1315 789 1360 assurgens
826 1300 973 1347 fluctu
1011 1301 1261 1348 nimbosus
1299 1301 1451 1349 Orion
1773 1323 1848 1363 535

189 1390 238 1434 in
275 1388 396 1435 vada
433 1403 577 1435 caeca
613 1389 728 1447 tulit,
769 1390 1054 1452 penitusque
1092 1392 1376 1451 procacibus
1412 1391 1600 1438 Austris

187 1492 370 1540 perque
407 1477 560 1524 undas
598 1487 848 1539 superante
887 1478 987 1525 salo
1023 1495 1201 1541 perque
1238 1480 1362 1526 invia
1401 1495 1514 1527 saxa

188 1567 413 1629 dispulit:
465 1566 558 1614 huc
596 1568 734 1628 pauci
771 1568 933 1615 vestris
971 1569 1254 1615 annavimus
1290 1570 1398 1616 oris.

189 1656 339 1715 Quod
358 1672 510 1718 genus
530 1657 622 1704 hoc
648 1656 929 1704 hominum?
967 1672 1148 1718 quaeve
1169 1658 1296 1705 hunc
1317 1667 1415 1705 tarn
1440 1660 1847 1707 barbara‘morem

187 1746 416 1809 permittit
454 1746 636 1808 patria?
691 1746 899 1808 hospitio
937 1747 1249 1808 prohibemur
1287 1748 1493 1795 harenae
1513 1766 1526 1807 3
1770 1770 1849 1808 540

187 1837 311 1884 bella
348 1836 488 1893 cient,
525 1836 775 1898 primaque
811 1845 970 1884 vetant
1009 1837 1270 1885 consistere
1307 1846 1440 1884 terra.

190 1927 238 1974 Si
274 1941 427 1988 genus
464 1925 729 1972 humanum
766 1934 811 1973 et
849 1927 1068 1973 mortalia
1104 1927 1311 1973 temnitis
1349 1942 1492 1984 arma,

188 2025 234 2063 at
271 2026 458 2078 sperate
495 2016 612 2063 cleos
648 2030 887 2062 memores
926 2015 1057 2062 fandi
1095 2025 1237 2078 atque
1275 2016 1481 2062 nefandi.

189 2105 297 2152 Rex
334 2115 433 2153 erat
471 2107 661 2153 Aeneas
699 2106 851 2162 nobis,
893 2121 990 2166 quo
1027 2106 1191 2152 iustior
1227 2106 1344 2151 alter

188 2211 277 2242 nec
314 2196 487 2256 pietate
523 2194 610 2241 fuit
647 2210 734 2241 nec
771 2194 898 2241 bello
935 2194 1091 2241 maior
1128 2202 1174 2240 et
1210 2195 1381 2240 armis:
1770 2216 1847 2254 545

189 2299 334 2346 quem
373 2285 410 2330 si
447 2284 541 2330 sata
578 2284 730 2330 virum
769 2292 973 2340 servant,
1012 2284 1049 2330 si
1087 2284 1287 2330 vescitur
1326 2299 1441 2329 aura

188 2373 397 2420 aetheria
434 2389 589 2435 neque
626 2372 782 2420 adhuc
820 2373 1092 2419 crudelibus
1129 2374 1332 2419 occubat
1368 2372 1563 2429 umbris,

189 2477 288 2508 non
325 2471 511 2520 metus3
562 2462 719 2509 officio
756 2478 845 2510 nec
881 2472 926 2508 te
964 2473 1169 2509 certasse
1207 2463 1415 2524 priorem

189 2552 458 2613 paeniteat:
509 2560 617 2597 sunt
654 2563 699 2597 et
738 2551 906 2597 Siculis
943 2553 1216 2613 regionibus
1252 2553 1394 2598 urbes

189 2656 431 2702 armaque,
470 2640 782 2702 Troianoque
821 2656 848 2687 a
885 2643 1119 2702 sanguine
1157 2642 1310 2688 clarus
1348 2644 1560 2689 Acestes.
1769 2661 1848 2702 550

191 2729 482 2787 Quassatam
517 2731 670 2777 ventis
707 2731 843 2777 liceat
881 2731 1149 2778 subducere
1188 2732 1390 2779 classem

190 2828 236 2865 et
273 2818 398 2865 silvis
433 2828 595 2881 aptare
632 2820 789 2865 trabes
826 2828 873 2866 et
909 2820 1138 2882 stringere
1174 2836 1346 2877 remos,
