1993 3123
144 119 211 167 24
832 108 1114 153 AENEJS.

307 287 451 335 Venus
483 287 656 348 replz'es.
735 286 831 333 'she
854 293 978 345 δίον]
1002 287 1062 349 of
1082 286 1209 332 Dido
1233 287 1331 332 and
1350 286 1645 347 Rjgmalz'on.

213 423 344 470 Tum
370 422 565 469 Venus:
606 421 784 468 ‘Haud
809 420 1035 483 equidem
1062 421 1141 467 tali
1167 436 1243 467 me
1270 420 1443 482 dignor
1467 420 1650 468 honore
1670 436 1682 478 ;
1721 439 1798 479 335

143 511 405 574 virginibus
444 509 605 573 Tyriis
642 525 749 557 mos
786 518 856 556 est
893 518 1075 571 gestare
1106 508 1388 571 *pharetram

143 614 481 664 purpureoque
520 599 612 646 alte
651 613 782 645 suras
818 597 992 645 vincire
1032 598 1278 645 cothurno.

146 689 327 736 Punica
365 703 515 751 regna
552 687 698 746 vides,
741 686 916 748 Tyrios
953 696 998 733 et
1035 687 1275 748 Agenoris
1311 686 1481 734 urbem
1501 702 1513 744 ;

144 779 228 826 sed
265 778 384 825 fines
422 776 606 838 Libyci,
642 791 796 838 genus
833 776 1126 824 intractabile
1165 776 1304 824 bello.

145 867 412 930 Imperium
449 866 578 914 Dido
617 865 765 927 Tyria
802 867 921 928 regit
958 867 1074 913 urbe
1112 865 1340 928 profecta,
1725 880 1805 922 340

144 972 429 1020 germanum
464 955 665 1017 fugiens.
738 954 911 1018 Longa
948 964 1019 1002 est
1056 955 1236 1011 iniuria,
1274 955 1446 1017 longae

146 1048 403 1108 ambage53
457 1045 540 1092 sed
578 1060 765 1092 summa
803 1060 974 1107 sequar
1010 1043 1196 1106 fastigia
1232 1059 1405 1091 rerum.

146 1135 274 1182 Huic
313 1135 526 1182 coniunx
568 1133 812 1197 Sychaeus
850 1143 961 1189 erat,
1001 1133 1260 1181 ditissimus
1298 1133 1399 1195 agri

147 1224 462 1281 Phoenicum,
501 1231 546 1270 et
583 1239 765 1286 magno
802 1224 1000 1271 miserae
1039 1223 1236 1270 dilectus
1274 1236 1452 1278 amore,

147 1315 222 1362 cui
258 1323 392 1377 pater
429 1314 658 1361 intactam
696 1313 891 1361 dederat
933 1313 1194 1375 primisque
1232 1314 1418 1374 iugarat
1728 1331 1806 1371 345

149 1405 405 1453 ominibus.
481 1403 575 1451 Sed
613 1418 761 1464 regna
800 1402 916 1464 Tyri
953 1416 1212 1465 germanus
1249 1401 1456 1448 habebat

148 1493 450 1557 Pygmalion,
490 1492 666 1540 scelere
705 1501 814 1539 ante
854 1492 972 1539 alios
1008 1491 1263 1539 immanior
1299 1506 1484 1539 omnes.

150 1584 288 1643 Quos
324 1584 444 1630 inter
478 1583 665 1630 medius
700 1581 828 1629 venit
864 1581 1005 1630 furor.
1078 1580 1162 1628 Ille
1203 1580 1472 1642 Sychaeum

148 1673 324 1736 impius
361 1682 469 1720 ante
509 1687 613 1718 aras
652 1680 792 1733 atque
833 1671 932 1717 auri
971 1686 1143 1719 caecus
1181 1686 1344 1717 amore

149 1763 272 1811 clam
310 1762 432 1810 ferro
468 1763 713 1808 incautum
751 1770 953 1823 superat,
993 1776 1187 1808 securus
1224 1775 1444 1807 amorum
1731 1776 1812 1819 350

151 1867 436 1915 germanae3
478 1850 755 1912 factumque
794 1850 874 1896 diu
912 1849 1092 1908 celavit,
1130 1859 1175 1896 et
1212 1864 1404 1910 aegram

150 1940 302 1987 multa
337 1940 490 1987 malus
528 1939 761 1986 simulans
797 1954 919 1986 vana
958 1954 1041 2001 spe
1080 1939 1186 1986 lusit
1223 1948 1482 1984 amantem.

151 2029 263 2092 Ipsa
301 2029 384 2077 sed
420 2030 467 2075 in
506 2028 690 2076 somnis
727 2027 962 2074 inhumati
999 2029 1126 2075 venit
1163 2028 1325 2089 imago

153 2118 398 2179 coniugis;
448 2133 531 2164 ora
569 2116 726 2164 modis
765 2117 986 2165 attollens
1023 2117 1198 2179 pallida
1234 2116 1364 2163 miris

152 2206 365 2254 crudeles
401 2221 505 2253 aras
540 2206 831 2268 traiectaque
868 2216 1062 2268 pectora
1098 2206 1222 2253 ferro
1733 2222 1809 2262 355

152 2295 363 2352 nudavit,
402 2309 696 2358 caecumque
735 2295 907 2342 domus
944 2295 1096 2342 scelus
1133 2310 1277 2342 omne
1315 2295 1495 2342 retexit.

154 2384 282 2431 Tum
319 2383 526 2431 celerare
565 2382 731 2445 sugam
769 2384 1014 2446 patriaque
1053 2384 1283 2431 excedere
1323 2384 1505 2442 suadet,

153 2473 476 2535 auxiliumque
513 2474 615 2520 viae
653 2483 835 2519 veteres
872 2473 1035 2521 tellure
1074 2473 1271 2521 recludit

153 2562 416 2618 thesauros,
456 2561 677 2624 ignotum
715 2562 896 2623 argenti
935 2562 1125 2623 pondus
1163 2572 1206 2608 et
1245 2562 1359 2608 auri.

155 2648 248 2698 His
285 2660 533 2698 commota
568 2649 732 2711 fugam
771 2649 900 2697 Dido
940 2651 1195 2713 sociosque
1232 2652 1444 2712 parabat.
1733 2655 1813 2704 =360

155 2740 475 2797 Conveniunt,
516 2739 688 2802 quibus
726 2748 805 2785 aut
844 2739 1007 2786 odium
1044 2739 1235 2786 crudele
1274 2740 1458 2802 tyranni

153 2839 233 2876 aut
269 2839 424 2876 metus
461 2844 570 2876 acer
606 2838 733 2886 erat3
777 2843 936 2885 naves,
973 2842 1096 2889 quae
1135 2828 1255 2875 forte
1293 2840 1500 2890 paratae,
