1993 3123
194 113 256 163 18
880 115 1163 159 AENEIS.

188 255 474 301 nutrimenta
510 253 637 300 dedit
675 253 920 315 rapuitque
958 253 1007 298 in
1044 252 1209 298 fomite
1245 251 1506 297 flammam.

189 343 320 388 Tum
359 341 583 388 Cererem
620 350 892 402 corruptam
928 340 1068 386 undis
1107 339 1416 400 Cerealiaque
1452 353 1585 384 arma

188 431 446 492 expediunt
481 431 588 476 fessi
626 445 797 486 rerum,
835 429 1090 491 frugesque
1128 435 1342 489 receptas

189 528 233 565 et
269 526 448 565 torrere
484 527 653 580 parant
690 519 898 564 flammis
936 526 980 564 et
1016 517 1234 578 frangere
1272 531 1404 564 saxo,

273 678 452 724 Aeneas
476 679 684 738 explores
708 679 777 724 she
801 682 934 735 coast,
961 678 1087 738 slays
1110 692 1225 722 some
1249 677 1362 733 deer,
1391 677 1490 722 and
1509 675 1772 722 dz'slrz'bules

588 767 703 813 them
728 766 841 812 wz'ffz
868 768 986 813 wine
1011 782 1178 827 among
1201 765 1271 811 lhe
1294 780 1450 812 crewS.

253 879 445 924 Aeneas
483 877 733 939 scopulum
767 877 946 924 interea
982 875 1263 924 conscendit
1299 883 1344 922 et
1380 890 1580 922 omnem
1779 883 1853 922 180

187 975 495 1031 prospectum
532 967 622 1013 late
659 966 831 1028 pelago
868 967 998 1028 petit,
1038 965 1231 1012 Anthea
1267 966 1305 1011 si
1330 980 1477 1026 quem

188 1058 415 1104 iactatum
453 1063 594 1102 vento
632 1055 788 1101 videat
826 1054 1159 1116 Phrygiasque
1197 1055 1402 1101 biremes

189 1154 268 1192 aut
307 1145 478 1206 Capyn
518 1152 598 1190 aut
636 1144 776 1190 celsis
813 1144 860 1189 in
897 1144 1140 1205 puppibus
1177 1158 1312 1190 arma
1341 1143 1488 1190 Caici.

189 1234 376 1281 Navem
413 1235 461 1280 in
500 1242 762 1295 conspectu
799 1233 993 1290 nullam,
1031 1242 1125 1279 tres
1161 1233 1299 1279 litore
1325 1247 1491 1279 cervos

188 1324 416 1385 prospicit
453 1333 699 1381 errantes;
749 1322 840 1370 hos
878 1331 977 1369 tota
1015 1331 1232 1369 armenta
1270 1329 1534 1384 sequuntur
1779 1330 1850 1380 185

189 1430 216 1460 a
252 1422 400 1474 tergo,
440 1422 484 1459 et
521 1413 720 1474 longum
758 1428 844 1474 per
881 1412 1023 1460 valles
1060 1413 1271 1474 pascitur
1308 1427 1498 1473 agmen.

190 1501 412 1550 Constitit
449 1502 538 1559 hic,
579 1517 838 1565 arcumque
876 1517 1024 1548 manu
1061 1501 1335 1562 celeresque
1373 1501 1569 1563 sagittas

190 1592 428 1653 corripuit,
467 1592 589 1638 fidus
627 1607 749 1653 quae
786 1591 879 1637 tela
916 1592 1111 1652 gerebat
1136 1590 1362 1647 Achates,

190 1681 508 1742 ductoresque
546 1681 674 1742 ipsos
710 1681 932 1743 primum,
971 1680 1127 1741 capita
1164 1680 1261 1726 alta
1297 1679 1503 1726 ferentes

191 1772 413 1818 cornibus
450 1771 673 1827 arboreis,
714 1770 904 1827 sternit;
955 1778 1057 1815 tum
1093 1769 1262 1830 vulgus
1300 1779 1346 1815 et
1382 1783 1580 1816 omnem
1778 1786 1854 1829 190

190 1861 357 1907 miscet
395 1876 544 1922 agens
580 1860 682 1907 telis
720 1875 919 1907 nemora
956 1860 1076 1906 inter
1113 1858 1314 1906 frondea
1350 1859 1572 1915 turbam;

191 1965 279 1996 nec
316 1950 448 2011 prius
485 1950 680 2006 absistit,
719 1965 865 2012 quam
902 1958 1088 2011 septem
1125 1949 1338 2009 ingentia
1376 1949 1524 1995 victor

193 2055 394 2101 corpora
430 2039 595 2086 fundat
631 2040 782 2087 humo
820 2048 865 2086 et
902 2054 1154 2085 numerum
1192 2053 1303 2085 cum
1341 2038 1542 2085 navibus
1580 2047 1764 2100 aequet.

195 2129 327 2176 Hinc
363 2138 557 2190 portum
593 2130 723 2191 petit,
761 2138 805 2176 et
843 2129 998 2176 socios
1035 2129 1230 2191 partitur
1266 2130 1315 2174 in
1352 2144 1534 2175 omnes.

193 2218 322 2264 Vina
358 2219 516 2265 bonus
554 2234 676 2281 quae
715 2219 886 2265 deinde
923 2219 1052 2265 cadis
1089 2226 1308 2265 onerarat
1344 2219 1543 2265 Acestes
1778 2237 1851 2277 193

195 2307 326 2354 litore
364 2307 618 2354 Trinacrio
658 2308 946 2369 dederatque
982 2307 1267 2353 abeuntibus
1303 2307 1456 2364 heros,

196 2397 370 2453 dividit,
410 2405 455 2443 et
494 2397 630 2444 dictis
667 2397 927 2443 maerentia
963 2404 1161 2457 pectora
1197 2395 1407 2453 mulcet:

295 2550 475 2596 Aeneas
498 2566 770 2611 encourages
794 2550 868 2595 his
892 2565 1002 2595 men.
1073 2549 1114 2593 A
1106 2547 1215 2611 fler
1220 2549 1441 2609 fi‘aslzbqgr
1463 2548 1563 2610 lhey
1588 2549 1760 2595 lamen!

715 2639 811 2698 fin*
836 2640 952 2684 their
975 2639 1060 2684 lost
1083 2638 1324 2684 comrades.

201 2749 275 2797 ‘O
313 2750 429 2796 socii
468 2747 645 2814 (neque
682 2750 810 2795 enim
847 2749 998 2810 ignari
1037 2763 1200 2795 sumus
1238 2757 1346 2794 ante
1384 2748 1659 2813 malorum),

198 2856 228 2887 o
264 2839 392 2901 passi
429 2839 661 2900 graviora,
702 2839 831 2885 dabit
871 2839 988 2885 deus
1025 2838 1095 2884 his
1134 2853 1328 2900 quoque
1367 2838 1526 2885 finem.
