1993 3123
700 109 910 153 LIBER
946 110 986 151 J.
1042 106 1221 167 12—65.
1737 124 1798 174 13

140 263 229 295 nec
265 262 407 310 posse
444 246 580 294 Italia
616 243 918 293 Teucrorum
955 254 1160 292 avertere
1198 250 1392 308 regem?

140 337 334 399 Quippe
370 346 504 383 vetor
539 335 654 382 fatis.
726 334 942 381 Pallasne
978 349 1174 380 exurere
1213 335 1415 383 classem

139 427 369 488 Argivum
407 435 548 486 atque
583 425 714 486 ipsos
751 425 900 486 potuit
938 424 1243 484 submergere
1281 434 1432 486 ponto
1748 447 1799 485 40

138 516 278 562 unius
313 516 378 561 ob
414 529 592 561 noxam
630 522 675 560 et
713 513 854 559 furias
891 513 1049 559 Aiacis
1087 512 1243 560 Oilei?

139 606 266 667 Ipsa,
306 603 430 650 Iovis
467 602 686 664 rapidum
724 602 926 649 iaculata
963 618 988 648 e
1027 603 1231 648 nubibus
1269 603 1447 665 ignem,

137 694 409 755 disiecitque
446 701 569 739 rates
606 692 862 752 evertitque
901 707 1111 752 aequora
1149 692 1311 748 ventis,

136 785 269 832 illurn
305 784 628 845 exspirantem
658 781 889 828 transfixo
928 790 1118 842 pectore
1160 782 1381 829 flammas

138 874 318 921 turbine
356 872 578 934 corripuit
617 871 910 933 scopuloque
949 871 1101 917 infixit
1139 880 1316 929 acuto;
1748 895 1798 934 45

137 972 209 1010 ast
245 977 351 1024 ego,
389 977 513 1023 quae
551 962 711 1008 divum
750 961 921 1008 incedo
960 961 1138 1021 regina,
1180 960 1401 1022 Iovisque

138 1061 183 1100 et
220 1067 353 1099 soror
389 1060 432 1098 et
469 1052 693 1108 coniunx,
732 1066 828 1097 una
867 1066 976 1097 cum
1014 1059 1156 1111 gente
1194 1058 1262 1096 tot
1302 1065 1456 1096 annos

137 1141 261 1188 bella
297 1156 426 1202 gero.
496 1140 558 1186 Et
594 1141 849 1203 quisquam
887 1155 1067 1186 numen
1105 1139 1303 1185 Iunonis
1341 1139 1507 1186 adorat

138 1240 395 1294 praeterea,
433 1239 512 1277 aut
550 1230 751 1292 supplex
790 1231 878 1277 aris
917 1231 1132 1291 imponet
1170 1228 1458 1275 honorem?v

258 1392 390 1456 suno
414 1396 546 1441 vz'sz'ls
570 1394 742 1440 Aeolus
768 1395 1085 1457 andprevaz‘ls
1111 1403 1228 1455 upon
1254 1395 1347 1440 him,
1370 1401 1411 1440 ἴα
1436 1394 1534 1455 he&
1561 1395 1653 1441 lter.

206 1504 346 1551 Talia
380 1505 628 1552 flammato
668 1521 831 1552 secum
870 1506 959 1552 dea
997 1505 1140 1552 corde
1177 1505 1395 1551 volutans
1750 1524 1802 1562 50

136 1595 411 1642 nimborum
447 1595 495 1640 in
531 1594 747 1656 patriam,
786 1595 893 1641 loca
931 1595 1024 1641 feta
1063 1594 1324 1641 furentibus
1363 1595 1563 1651 Austris,

136 1683 356 1731 Aeoliam
391 1684 533 1731 venit.
605 1684 702 1730 Hic
739 1692 874 1731 vasto
910 1700 993 1731 rex
1031 1684 1211 1731 Aeolus
1249 1692 1385 1731 antro

135 1773 370 1821 luctantes
405 1782 572 1820 ventos
608 1782 1009 1836 tempestatesque
1050 1789 1249 1820 sonoras

135 1863 336 1925 imperio
371 1863 558 1925 premit,
598 1879 653 1910 ac
689 1863 852 1911 vinclis
889 1873 934 1911 et
971 1879 1160 1910 carcere
1200 1864 1364 1911 frenat.

136 1952 209 1998 Illi
245 1952 546 2014 indignantes
583 1968 762 2014 magno
802 1969 910 2000 cum
950 1969 1193 2000 murmure
1232 1954 1407 2000 montis
1751 1973 1799 2013 55

135 2043 315 2089 circum
352 2042 555 2088 claustra
591 2042 798 2090 fremunt
819 2060 830 2101 ;
881 2043 1005 2090 celsa
1045 2044 1177 2090 sedet
1213 2043 1394 2090 Aeolus
1432 2058 1540 2089 arce

136 2140 321 2195 sceptra
357 2140 538 2190 tenens,
577 2132 826 2194 mollitque
865 2134 1052 2180 animos
1090 2142 1134 2179 et
1172 2140 1405 2194 temperat
1442 2132 1560 2177 iras:

134 2222 184 2269 ni
219 2221 376 2279 faciat,
413 2222 564 2268 maria
601 2238 656 2269 ac
694 2232 842 2269 terras
883 2223 1165 2284 caelumque
1202 2221 1496 2284 profundum

134 2311 311 2374 quippe
350 2310 503 2357 ferant
539 2312 692 2373 rapidi
729 2327 890 2358 secum
928 2320 1213 2373 verrantque
1252 2326 1336 2372 per
1372 2325 1540 2356 auras:

135 2400 219 2448 sed
255 2400 395 2449 Pater
429 2401 738 2463 omnipotens
777 2401 1012 2464 speluncis
1051 2400 1230 2447 abdidit
1268 2400 1379 2445 atris
1751 2404 1802 2443 60

133 2489 227 2538 hoc
263 2497 496 2549 metuens,
533 2491 811 2553 molemque
849 2501 894 2536 et
931 2498 1120 2536 montes
1156 2490 1349 2550 insuper
1386 2487 1508 2534 altos

133 2579 374 2641 imposuit,
412 2594 674 2641 regemque
712 2579 856 2637 dedit,
897 2580 977 2641 qui
1016 2578 1208 2625 foedere
1247 2585 1379 2625 certo

133 2676 180 2715 et
215 2683 429 2731 premere
466 2677 510 2715 et
545 2668 679 2715 laxas
718 2669 855 2715 sciret
895 2668 1006 2714 dare
1043 2669 1198 2714 iussus
1235 2666 1463 2713 habenas,

134 2757 212 2805 Ad
248 2773 392 2820 quem
429 2766 530 2805 tum
566 2757 690 2805 Iuno
728 2757 929 2819 supplex
966 2756 1039 2803 his
1076 2756 1274 2803 vocibus
1311 2771 1396 2802 usa
1433 2764 1532 2801 est:

203 2847 394 2906 ‘Aeole,
420 2862 630 2911 namque
667 2847 750 2894 tibi
789 2846 950 2893 divum
988 2845 1129 2891 Pater
1167 2853 1308 2906 atque
1346 2843 1596 2890 hominum
1634 2859 1714 2890 rex
1749 2851 1797 2902 65
