1993 3123
704 114 915 156 LIBER
951 115 995 156 J.
1038 109 1208 175 716-7
1217 110 1302 173 56.
1775 129 1844 180 39

179 251 279 298 Hic
317 250 446 299 canit
482 258 722 297 errantem
760 249 924 296 lunam
963 249 1172 313 solisque
1209 250 1413 307 labores,

174 339 302 386 unde
333 338 587 386 hominum
624 353 777 400 genus
816 347 859 384 et
897 338 1125 399 pecudes,
1163 339 1292 386 unde
1331 340 1482 386 imber
1520 348 1565 386 et
1602 340 1753 401 ignes,

173 428 437 475 Arcturum
477 427 754 489 pluviasque
793 426 995 489 Hyadas
1033 427 1351 489 geminosque
1392 426 1616 486 Triones,

172 516 289 578 quid
326 524 512 564 tantum
551 514 752 563 Oceano
790 523 1053 577 properent
1091 530 1140 561 se
1178 515 1358 577 tingere
1399 515 1522 563 soles
1768 539 1841 577 745

174 604 376 663 hiberni,
416 604 487 651 vel
525 619 649 666 quae
688 603 835 651 tardis
874 618 1012 650 mora
1050 604 1272 651 noctibus
1309 604 1481 652 obstet.

172 693 482 755 Ingeminant
519 693 691 755 plausu
731 692 881 754 Tyrii,
922 692 1175 755 Troesque
1213 703 1487 754 sequuntur.

177 780 282 828 Nec
319 797 419 829 non
458 790 502 829 et
539 782 667 830 vario
708 793 904 830 noctem
944 797 1164 829 sermone
1201 782 1414 829 trahebat

173 869 336 916 infelix
376 869 522 929 Dido,
566 871 863 934 longumque
905 871 1097 918 bibebat
1135 885 1364 929 amorem,

173 959 322 1005 multa
360 974 504 1021 super
542 959 735 1007 Priamo
772 960 999 1021 rogitans,
1040 975 1182 1021 super
1222 960 1432 1007 Hectore
1471 960 1635 1019 multa,
1769 980 1844 1021 750

172 1063 315 1106 nunc,
359 1049 532 1110 quibus
569 1049 787 1096 Aurorae
824 1050 1031 1096 venisset
1067 1049 1190 1095 filius
1228 1050 1385 1107 armis,

175 1151 318 1193 nunc,
359 1136 525 1198 quales
563 1136 818 1185 Diomedis
854 1139 979 1200 equi,
1019 1154 1161 1197 nunc,
1202 1147 1406 1202 quantus
1443 1140 1666 1189 Achilles.

177 1225 367 1272 ‘Immo
404 1240 508 1287 age,
549 1234 595 1273 et
633 1242 658 1272 a
698 1227 866 1288 prima,
909 1227 997 1285 dic,
1037 1227 1229 1290 hospes,
1270 1229 1448 1289 origine
1487 1231 1628 1278 nobis

172 1313 400 1361 insidias’
436 1315 590 1377 inquit
630 1314 887 1361 ‘Danaum
925 1331 1160 1378 casusque
1198 1327 1389 1364 tuorum

172 1417 461 1466 erroresque
500 1412 638 1462 tuos;
689 1419 802 1450 nam
841 1414 886 1451 te
924 1406 1017 1452 iam
1057 1407 1260 1467 septima
1297 1416 1454 1468 portat
1771 1426 1842 1468 755

171 1493 398 1540 omnibus
436 1501 675 1541 errantem
713 1495 844 1541 terris
882 1503 927 1541 et
965 1495 1187 1542 fluctibus
1226 1496 1407 1543 aestas.’
