<?xml version="1.0" encoding="UTF-8"?>
<!DOCTYPE html PUBLIC "-//W3C//DTD XHTML 1.0 Transitional//EN"
    "http://www.w3.org/TR/xhtml1/DTD/xhtml1-transitional.dtd">
<html xmlns="http://www.w3.org/1999/xhtml" xml:lang="en" lang="en">
 <head>
  <title>
</title>
<meta http-equiv="Content-Type" content="text/html;charset=utf-8" />
  <meta name='ocr-system' content='tesseract 3.04.00' />
  <meta name='ocr-capabilities' content='ocr_page ocr_carea ocr_par ocr_line ocrx_word'/>
</head>
<body>
  <div class='ocr_page' id='page_1' title='image "aeneidied00virguoft_0039.png"; bbox 0 0 1993 3123; ppageno 0'>
   <div class='ocr_carea' id='block_1_1' title="bbox 670 94 1805 166">
    <p class='ocr_par' dir='ltr' id='par_1_1' title="bbox 670 94 1805 166">
     <span class='ocr_line' id='line_1_1' title="bbox 670 94 1805 166; baseline 0.021 -25"><span class='ocrx_word' id='word_1_1' title='bbox 670 99 881 142; x_wconf 75' lang='lat' dir='ltr'><em>LIBER</em></span> <span class='ocrx_word' id='word_1_2' title='bbox 918 101 960 144; x_wconf 85' lang='lat' dir='ltr'>J.</span> <span class='ocrx_word' id='word_1_3' title='bbox 1003 94 1268 160; x_wconf 87' lang='lat'><em>606-658.</em></span> <span class='ocrx_word' id='word_1_4' title='bbox 1737 111 1805 166; x_wconf 80' lang='lat'>35</span> 
     </span>
    </p>
   </div>
   <div class='ocr_carea' id='block_1_2' title="bbox 132 233 1803 1093">
    <p class='ocr_par' dir='ltr' id='par_1_2' title="bbox 142 233 1291 282">
     <span class='ocr_line' id='line_1_2' title="bbox 142 233 1291 282; baseline 0.001 -1"><span class='ocrx_word' id='word_1_5' title='bbox 142 233 249 281; x_wconf 91' lang='lat' dir='ltr'>Nec</span> <span class='ocrx_word' id='word_1_6' title='bbox 285 234 444 280; x_wconf 92' lang='lat' dir='ltr'>minus</span> <span class='ocrx_word' id='word_1_7' title='bbox 481 233 662 280; x_wconf 87' lang='lat' dir='ltr'>interea</span> <span class='ocrx_word' id='word_1_8' title='bbox 700 235 840 280; x_wconf 90' lang='lat' dir='ltr'>sociis</span> <span class='ocrx_word' id='word_1_9' title='bbox 878 234 938 280; x_wconf 90' lang='lat' dir='ltr'>ad</span> <span class='ocrx_word' id='word_1_10' title='bbox 975 235 1112 282; x_wconf 86' lang='lat' dir='ltr'>litora</span> <span class='ocrx_word' id='word_1_11' title='bbox 1151 237 1291 282; x_wconf 89' lang='lat' dir='ltr'>mittit</span> 
     </span>
    </p>

    <p class='ocr_par' dir='ltr' id='par_1_3' title="bbox 140 323 1355 384">
     <span class='ocr_line' id='line_1_3' title="bbox 140 323 1355 384; baseline 0.002 -16"><span class='ocrx_word' id='word_1_12' title='bbox 140 323 305 384; x_wconf 88' lang='lat' dir='ltr'>viginti</span> <span class='ocrx_word' id='word_1_13' title='bbox 342 331 516 378; x_wconf 88' lang='lat' dir='ltr'>tauros,</span> <span class='ocrx_word' id='word_1_14' title='bbox 557 337 845 382; x_wconf 87' lang='lat' dir='ltr'>magnorum</span> <span class='ocrx_word' id='word_1_15' title='bbox 882 323 1122 370; x_wconf 81' lang='lat' dir='ltr'>horrentia</span> <span class='ocrx_word' id='word_1_16' title='bbox 1159 335 1355 371; x_wconf 88' lang='lat' dir='ltr'>centum</span> 
     </span>
    </p>

    <p class='ocr_par' dir='ltr' id='par_1_4' title="bbox 138 411 1800 560">
     <span class='ocr_line' id='line_1_4' title="bbox 139 411 1800 475; baseline 0.001 -18"><span class='ocrx_word' id='word_1_17' title='bbox 139 420 273 471; x_wconf 86' lang='lat' dir='ltr'>terga</span> <span class='ocrx_word' id='word_1_18' title='bbox 309 425 463 466; x_wconf 87' lang='lat' dir='ltr'>suum,</span> <span class='ocrx_word' id='word_1_19' title='bbox 501 411 703 471; x_wconf 84' lang='lat' dir='ltr'>pingues</span> <span class='ocrx_word' id='word_1_20' title='bbox 740 419 933 457; x_wconf 90' lang='lat' dir='ltr'>centum</span> <span class='ocrx_word' id='word_1_21' title='bbox 972 428 1083 459; x_wconf 90' lang='lat' dir='ltr'>cum</span> <span class='ocrx_word' id='word_1_22' title='bbox 1120 413 1354 460; x_wconf 88' lang='lat' dir='ltr'>matribus</span> <span class='ocrx_word' id='word_1_23' title='bbox 1392 428 1559 475; x_wconf 86' lang='lat' dir='ltr'>agnos,</span> <span class='ocrx_word' id='word_1_24' title='bbox 1723 422 1800 473; x_wconf 71' lang='lat'>635</span> 
     </span>
     <span class='ocr_line' id='line_1_5' title="bbox 138 499 822 560; baseline 0.001 -16"><span class='ocrx_word' id='word_1_25' title='bbox 138 514 338 546; x_wconf 90' lang='lat' dir='ltr'>munera</span> <span class='ocrx_word' id='word_1_26' title='bbox 373 499 694 560; x_wconf 82' lang='lat' dir='ltr'>laetitiamque</span> <span class='ocrx_word' id='word_1_27' title='bbox 733 500 822 546; x_wconf 86' lang='lat' dir='ltr'>dei.</span> 
     </span>
    </p>

    <p class='ocr_par' dir='ltr' id='par_1_5' title="bbox 136 587 1263 649">
     <span class='ocr_line' id='line_1_6' title="bbox 136 587 1263 649; baseline 0.003 -16"><span class='ocrx_word' id='word_1_28' title='bbox 136 587 200 633; x_wconf 88' lang='lat' dir='ltr'>At</span> <span class='ocrx_word' id='word_1_29' title='bbox 238 587 412 634; x_wconf 88' lang='lat' dir='ltr'>domus</span> <span class='ocrx_word' id='word_1_30' title='bbox 449 587 644 634; x_wconf 89' lang='lat' dir='ltr'>interior</span> <span class='ocrx_word' id='word_1_31' title='bbox 681 589 827 649; x_wconf 84' lang='lat' dir='ltr'>regali</span> <span class='ocrx_word' id='word_1_32' title='bbox 865 588 1112 649; x_wconf 87' lang='lat' dir='ltr'>splendida</span> <span class='ocrx_word' id='word_1_33' title='bbox 1148 590 1263 636; x_wconf 79' lang='lat' dir='ltr'>luxu</span> 
     </span>
    </p>

    <p class='ocr_par' dir='ltr' id='par_1_6' title="bbox 136 675 1357 737">
     <span class='ocr_line' id='line_1_7' title="bbox 136 675 1357 737; baseline 0.003 -16"><span class='ocrx_word' id='word_1_34' title='bbox 136 676 392 733; x_wconf 85' lang='lat' dir='ltr'>instruitur,</span> <span class='ocrx_word' id='word_1_35' title='bbox 430 675 696 737; x_wconf 86' lang='lat' dir='ltr'>mediisque</span> <span class='ocrx_word' id='word_1_36' title='bbox 736 686 906 737; x_wconf 85' lang='lat' dir='ltr'>parant</span> <span class='ocrx_word' id='word_1_37' title='bbox 944 679 1159 724; x_wconf 72' lang='lat' dir='ltr'>convivia</span> <span class='ocrx_word' id='word_1_38' title='bbox 1197 680 1357 726; x_wconf 89' lang='lat' dir='ltr'>tectis:</span> 
     </span>
    </p>

    <p class='ocr_par' dir='ltr' id='par_1_7' title="bbox 135 765 1236 827">
     <span class='ocr_line' id='line_1_8' title="bbox 135 765 1236 827; baseline 0.002 -16"><span class='ocrx_word' id='word_1_39' title='bbox 135 773 236 811; x_wconf 89' lang='lat' dir='ltr'>arte</span> <span class='ocrx_word' id='word_1_40' title='bbox 272 765 516 812; x_wconf 82' lang='lat' dir='ltr'>laboratae</span> <span class='ocrx_word' id='word_1_41' title='bbox 553 774 709 811; x_wconf 80' lang='lat' dir='ltr'>vestes</span> <span class='ocrx_word' id='word_1_42' title='bbox 747 774 976 827; x_wconf 91' lang='lat' dir='ltr'>ostroque</span> <span class='ocrx_word' id='word_1_43' title='bbox 1015 768 1236 827; x_wconf 90' lang='lat' dir='ltr'>superbo,</span> 
     </span>
    </p>

    <p class='ocr_par' dir='ltr' id='par_1_8' title="bbox 134 853 1803 1004">
     <span class='ocr_line' id='line_1_9' title="bbox 134 853 1803 916; baseline 0.002 -18"><span class='ocrx_word' id='word_1_44' title='bbox 134 853 304 914; x_wconf 90' lang='lat' dir='ltr'>ingens</span> <span class='ocrx_word' id='word_1_45' title='bbox 341 861 591 913; x_wconf 86' lang='lat' dir='ltr'>argentum</span> <span class='ocrx_word' id='word_1_46' title='bbox 628 854 824 911; x_wconf 81' lang='lat' dir='ltr'>mensis,</span> <span class='ocrx_word' id='word_1_47' title='bbox 864 854 1139 916; x_wconf 80' lang='lat' dir='ltr'>caelataque</span> <span class='ocrx_word' id='word_1_48' title='bbox 1175 856 1223 901; x_wconf 89' lang='lat' dir='ltr'>in</span> <span class='ocrx_word' id='word_1_49' title='bbox 1262 871 1378 902; x_wconf 91' lang='lat' dir='ltr'>auro</span> <span class='ocrx_word' id='word_1_50' title='bbox 1721 863 1803 914; x_wconf 76' lang='lat'>640</span> 
     </span>
     <span class='ocr_line' id='line_1_10' title="bbox 134 940 1368 1004; baseline 0.002 -18"><span class='ocrx_word' id='word_1_51' title='bbox 134 940 273 988; x_wconf 91' lang='lat' dir='ltr'>fortia</span> <span class='ocrx_word' id='word_1_52' title='bbox 307 940 430 988; x_wconf 89' lang='lat' dir='ltr'>facta</span> <span class='ocrx_word' id='word_1_53' title='bbox 467 950 671 1003; x_wconf 90' lang='lat' dir='ltr'>patrum,</span> <span class='ocrx_word' id='word_1_54' title='bbox 711 942 853 989; x_wconf 92' lang='lat' dir='ltr'>series</span> <span class='ocrx_word' id='word_1_55' title='bbox 892 943 1172 1004; x_wconf 88' lang='lat' dir='ltr'>longissima</span> <span class='ocrx_word' id='word_1_56' title='bbox 1209 959 1368 990; x_wconf 89' lang='lat' dir='ltr'>rerum</span> 
     </span>
    </p>

    <p class='ocr_par' dir='ltr' id='par_1_9' title="bbox 132 1030 1424 1093">
     <span class='ocr_line' id='line_1_11' title="bbox 132 1030 1424 1093; baseline 0.002 -17"><span class='ocrx_word' id='word_1_57' title='bbox 132 1045 218 1092; x_wconf 93' lang='lat' dir='ltr'>per</span> <span class='ocrx_word' id='word_1_58' title='bbox 255 1039 323 1076; x_wconf 92' lang='lat' dir='ltr'>tot</span> <span class='ocrx_word' id='word_1_59' title='bbox 361 1030 501 1077; x_wconf 89' lang='lat' dir='ltr'>ducta</span> <span class='ocrx_word' id='word_1_60' title='bbox 537 1031 661 1078; x_wconf 76' lang='lat' dir='ltr'>viros</span> <span class='ocrx_word' id='word_1_61' title='bbox 699 1031 896 1092; x_wconf 87' lang='lat' dir='ltr'>antiqua</span> <span class='ocrx_word' id='word_1_62' title='bbox 934 1032 995 1078; x_wconf 90' lang='lat' dir='ltr'>ab</span> <span class='ocrx_word' id='word_1_63' title='bbox 1031 1032 1213 1093; x_wconf 75' lang='lat' dir='ltr'>origine</span> <span class='ocrx_word' id='word_1_64' title='bbox 1251 1032 1424 1093; x_wconf 79' lang='lat' dir='ltr'>gentis,</span> 
     </span>
    </p>
   </div>
   <div class='ocr_carea' id='block_1_3' title="bbox 184 1160 1760 1224">
    <p class='ocr_par' dir='ltr' id='par_1_10' title="bbox 184 1160 1760 1224">
     <span class='ocr_line' id='line_1_12' title="bbox 184 1160 1760 1224; baseline 0.002 -18"><span class='ocrx_word' id='word_1_65' title='bbox 184 1160 365 1207; x_wconf 80' lang='lat' dir='ltr'>Aeneas</span> <span class='ocrx_word' id='word_1_66' title='bbox 389 1162 622 1224; x_wconf 73' lang='lat' dir='ltr'>sendsfor</span> <span class='ocrx_word' id='word_1_67' title='bbox 646 1160 894 1219; x_wconf 78' lang='lat' dir='ltr'>Ascanius,</span> <span class='ocrx_word' id='word_1_68' title='bbox 924 1162 1038 1207; x_wconf 69' lang='lat' dir='ltr'>wl&#39;lll</span> <span class='ocrx_word' id='word_1_69' title='bbox 1065 1163 1274 1222; x_wconf 69' lang='lat' dir='ltr'>splendid</span> <span class='ocrx_word' id='word_1_70' title='bbox 1285 1163 1595 1223; x_wconf 70' lang='lat' dir='ltr'>presenlsfor</span> <span class='ocrx_word' id='word_1_71' title='bbox 1621 1162 1760 1209; x_wconf 61' lang='lat' dir='ltr'><em>Dido.</em></span> 
     </span>
    </p>
   </div>
   <div class='ocr_carea' id='block_1_4' title="bbox 126 1256 1796 2466">
    <p class='ocr_par' dir='ltr' id='par_1_11' title="bbox 126 1256 1796 2466">
     <span class='ocr_line' id='line_1_13' title="bbox 197 1256 1532 1327; baseline 0.001 -18"><span class='ocrx_word' id='word_1_72' title='bbox 197 1256 390 1312; x_wconf 85' lang='lat' dir='ltr'>Aeneas</span> <span class='ocrx_word' id='word_1_73' title='bbox 425 1262 605 1327; x_wconf 90' lang='lat' dir='ltr'>(neque</span> <span class='ocrx_word' id='word_1_74' title='bbox 643 1264 772 1310; x_wconf 89' lang='lat' dir='ltr'>enim</span> <span class='ocrx_word' id='word_1_75' title='bbox 810 1265 989 1325; x_wconf 90' lang='lat' dir='ltr'>patrius</span> <span class='ocrx_word' id='word_1_76' title='bbox 1027 1265 1282 1311; x_wconf 87' lang='lat' dir='ltr'>consistere</span> <span class='ocrx_word' id='word_1_77' title='bbox 1320 1274 1532 1312; x_wconf 88' lang='lat' dir='ltr'>mentem</span> 
     </span>
     <span class='ocr_line' id='line_1_14' title="bbox 130 1351 1592 1415; baseline 0.001 -16"><span class='ocrx_word' id='word_1_78' title='bbox 130 1366 301 1415; x_wconf 88' lang='lat' dir='ltr'>passus</span> <span class='ocrx_word' id='word_1_79' title='bbox 337 1351 494 1415; x_wconf 88' lang='lat' dir='ltr'>amor)</span> <span class='ocrx_word' id='word_1_80' title='bbox 530 1353 753 1414; x_wconf 88' lang='lat' dir='ltr'>rapidum</span> <span class='ocrx_word' id='word_1_81' title='bbox 792 1353 852 1399; x_wconf 87' lang='lat' dir='ltr'>ad</span> <span class='ocrx_word' id='word_1_82' title='bbox 893 1369 1039 1399; x_wconf 81' lang='lat' dir='ltr'>naves</span> <span class='ocrx_word' id='word_1_83' title='bbox 1076 1354 1335 1414; x_wconf 87' lang='lat' dir='ltr'>praemittit</span> <span class='ocrx_word' id='word_1_84' title='bbox 1371 1354 1592 1401; x_wconf 86' lang='lat' dir='ltr'>Achaten</span> 
     </span>
     <span class='ocr_line' id='line_1_15' title="bbox 128 1440 1795 1503; baseline 0.001 -15"><span class='ocrx_word' id='word_1_85' title='bbox 128 1441 343 1488; x_wconf 88' lang='lat' dir='ltr'>Ascanio</span> <span class='ocrx_word' id='word_1_86' title='bbox 379 1440 495 1487; x_wconf 86' lang='lat' dir='ltr'>ferat</span> <span class='ocrx_word' id='word_1_87' title='bbox 532 1441 650 1488; x_wconf 91' lang='lat' dir='ltr'>haec</span> <span class='ocrx_word' id='word_1_88' title='bbox 690 1442 951 1503; x_wconf 90' lang='lat' dir='ltr'>ipsumque</span> <span class='ocrx_word' id='word_1_89' title='bbox 990 1442 1051 1488; x_wconf 91' lang='lat' dir='ltr'>ad</span> <span class='ocrx_word' id='word_1_90' title='bbox 1088 1442 1280 1489; x_wconf 89' lang='lat' dir='ltr'>moenia</span> <span class='ocrx_word' id='word_1_91' title='bbox 1320 1443 1491 1501; x_wconf 82' lang='lat' dir='ltr'>ducat3</span> <span class='ocrx_word' id='word_1_92' title='bbox 1718 1450 1795 1503; x_wconf 79' lang='lat'>645</span> 
     </span>
     <span class='ocr_line' id='line_1_16' title="bbox 130 1530 1295 1592; baseline -0.001 -15"><span class='ocrx_word' id='word_1_93' title='bbox 130 1530 290 1577; x_wconf 91' lang='lat' dir='ltr'>omnis</span> <span class='ocrx_word' id='word_1_94' title='bbox 325 1530 374 1576; x_wconf 91' lang='lat' dir='ltr'>in</span> <span class='ocrx_word' id='word_1_95' title='bbox 410 1530 624 1577; x_wconf 91' lang='lat' dir='ltr'>Ascanio</span> <span class='ocrx_word' id='word_1_96' title='bbox 662 1531 756 1576; x_wconf 89' lang='lat' dir='ltr'>cari</span> <span class='ocrx_word' id='word_1_97' title='bbox 797 1538 885 1577; x_wconf 90' lang='lat' dir='ltr'>stat</span> <span class='ocrx_word' id='word_1_98' title='bbox 924 1546 1035 1577; x_wconf 88' lang='lat' dir='ltr'>cura</span> <span class='ocrx_word' id='word_1_99' title='bbox 1072 1531 1295 1592; x_wconf 85' lang='lat' dir='ltr'>parentis.</span> 
     </span>
     <span class='ocr_line' id='line_1_17' title="bbox 129 1617 1192 1681; baseline 0.001 -17"><span class='ocrx_word' id='word_1_100' title='bbox 129 1617 335 1666; x_wconf 89' lang='lat' dir='ltr'>Munera</span> <span class='ocrx_word' id='word_1_101' title='bbox 371 1626 614 1680; x_wconf 88' lang='lat' dir='ltr'>praeterea</span> <span class='ocrx_word' id='word_1_102' title='bbox 650 1619 808 1666; x_wconf 86' lang='lat' dir='ltr'>Iliacis</span> <span class='ocrx_word' id='word_1_103' title='bbox 846 1629 1010 1681; x_wconf 89' lang='lat' dir='ltr'>erepta</span> <span class='ocrx_word' id='word_1_104' title='bbox 1046 1620 1192 1666; x_wconf 88' lang='lat' dir='ltr'>ruinis</span> 
     </span>
     <span class='ocr_line' id='line_1_18' title="bbox 128 1707 1354 1770; baseline 0.001 -17"><span class='ocrx_word' id='word_1_105' title='bbox 128 1707 250 1755; x_wconf 89' lang='lat' dir='ltr'>ferre</span> <span class='ocrx_word' id='word_1_106' title='bbox 286 1708 430 1766; x_wconf 83' lang='lat' dir='ltr'>iubet,</span> <span class='ocrx_word' id='word_1_107' title='bbox 469 1708 644 1769; x_wconf 88' lang='lat' dir='ltr'>pallam</span> <span class='ocrx_word' id='word_1_108' title='bbox 682 1709 830 1770; x_wconf 89' lang='lat' dir='ltr'>signis</span> <span class='ocrx_word' id='word_1_109' title='bbox 868 1723 1081 1770; x_wconf 90' lang='lat' dir='ltr'>auroque</span> <span class='ocrx_word' id='word_1_110' title='bbox 1119 1709 1354 1769; x_wconf 84' lang='lat' dir='ltr'>rigentem</span> 
     </span>
     <span class='ocr_line' id='line_1_19' title="bbox 127 1796 1296 1854; baseline 0.001 -11"><span class='ocrx_word' id='word_1_111' title='bbox 127 1804 174 1843; x_wconf 93' lang='lat' dir='ltr'>et</span> <span class='ocrx_word' id='word_1_112' title='bbox 210 1796 577 1844; x_wconf 72' lang='lat' dir='ltr'>circumtextum</span> <span class='ocrx_word' id='word_1_113' title='bbox 615 1813 790 1844; x_wconf 93' lang='lat' dir='ltr'>croceo</span> <span class='ocrx_word' id='word_1_114' title='bbox 826 1797 1043 1844; x_wconf 78' lang='lat' dir='ltr'>velamen</span> <span class='ocrx_word' id='word_1_115' title='bbox 1076 1797 1296 1854; x_wconf 72' lang='lat' dir='ltr'>acantho,</span> 
     </span>
     <span class='ocr_line' id='line_1_20' title="bbox 128 1885 1796 1948; baseline 0.001 -16"><span class='ocrx_word' id='word_1_116' title='bbox 128 1894 326 1932; x_wconf 91' lang='lat' dir='ltr'>ornatus</span> <span class='ocrx_word' id='word_1_117' title='bbox 362 1886 571 1946; x_wconf 88' lang='lat' dir='ltr'>Argivae</span> <span class='ocrx_word' id='word_1_118' title='bbox 610 1885 842 1944; x_wconf 82' lang='lat' dir='ltr'>Helenae,</span> <span class='ocrx_word' id='word_1_119' title='bbox 885 1901 1007 1947; x_wconf 90' lang='lat' dir='ltr'>quos</span> <span class='ocrx_word' id='word_1_120' title='bbox 1044 1886 1122 1932; x_wconf 92' lang='lat' dir='ltr'>illa</span> <span class='ocrx_word' id='word_1_121' title='bbox 1161 1885 1394 1948; x_wconf 80' lang='lat' dir='ltr'>Mycenis,</span> <span class='ocrx_word' id='word_1_122' title='bbox 1715 1895 1796 1947; x_wconf 76' lang='lat'>650</span> 
     </span>
     <span class='ocr_line' id='line_1_21' title="bbox 127 1974 1518 2037; baseline 0.001 -16"><span class='ocrx_word' id='word_1_123' title='bbox 127 1974 364 2037; x_wconf 90' lang='lat' dir='ltr'>Pergama</span> <span class='ocrx_word' id='word_1_124' title='bbox 400 1990 512 2022; x_wconf 90' lang='lat' dir='ltr'>cum</span> <span class='ocrx_word' id='word_1_125' title='bbox 548 1982 727 2036; x_wconf 88' lang='lat' dir='ltr'>peteret</span> <span class='ocrx_word' id='word_1_126' title='bbox 764 1975 1173 2036; x_wconf 88' lang='lat' dir='ltr'>inconcessosque</span> <span class='ocrx_word' id='word_1_127' title='bbox 1210 1974 1518 2036; x_wconf 59' lang='lat' dir='ltr'>hymenaeosv</span> 
     </span>
     <span class='ocr_line' id='line_1_22' title="bbox 127 2063 1276 2121; baseline -0.002 -11"><span class='ocrx_word' id='word_1_128' title='bbox 127 2064 373 2121; x_wconf 82' lang='lat' dir='ltr'>extulerat,</span> <span class='ocrx_word' id='word_1_129' title='bbox 410 2064 574 2111; x_wconf 87' lang='lat' dir='ltr'>matris</span> <span class='ocrx_word' id='word_1_130' title='bbox 612 2063 774 2111; x_wconf 90' lang='lat' dir='ltr'>Ledae</span> <span class='ocrx_word' id='word_1_131' title='bbox 812 2064 1027 2110; x_wconf 87' lang='lat' dir='ltr'>mirabile</span> <span class='ocrx_word' id='word_1_132' title='bbox 1067 2064 1276 2121; x_wconf 86' lang='lat' dir='ltr'>donum;</span> 
     </span>
     <span class='ocr_line' id='line_1_23' title="bbox 126 2153 1435 2215; baseline 0 -17"><span class='ocrx_word' id='word_1_133' title='bbox 126 2162 371 2214; x_wconf 86' lang='lat' dir='ltr'>praeterea</span> <span class='ocrx_word' id='word_1_134' title='bbox 407 2161 664 2215; x_wconf 87' lang='lat' dir='ltr'>sceptrum,</span> <span class='ocrx_word' id='word_1_135' title='bbox 702 2153 858 2199; x_wconf 90' lang='lat' dir='ltr'>Ilione</span> <span class='ocrx_word' id='word_1_136' title='bbox 896 2153 1026 2214; x_wconf 91' lang='lat' dir='ltr'>quod</span> <span class='ocrx_word' id='word_1_137' title='bbox 1062 2162 1272 2213; x_wconf 85' lang='lat' dir='ltr'>gesserat</span> <span class='ocrx_word' id='word_1_138' title='bbox 1308 2153 1435 2209; x_wconf 80' lang='lat' dir='ltr'>olim,</span> 
     </span>
     <span class='ocr_line' id='line_1_24' title="bbox 127 2241 1301 2302; baseline -0.001 -15"><span class='ocrx_word' id='word_1_139' title='bbox 127 2241 339 2288; x_wconf 81' lang='lat' dir='ltr'>maxima</span> <span class='ocrx_word' id='word_1_140' title='bbox 375 2254 593 2288; x_wconf 87' lang='lat' dir='ltr'>natarum</span> <span class='ocrx_word' id='word_1_141' title='bbox 631 2241 823 2297; x_wconf 85' lang='lat' dir='ltr'>Priami,</span> <span class='ocrx_word' id='word_1_142' title='bbox 864 2241 1085 2302; x_wconf 89' lang='lat' dir='ltr'>colloque</span> <span class='ocrx_word' id='word_1_143' title='bbox 1123 2241 1301 2287; x_wconf 90' lang='lat' dir='ltr'>monile</span> 
     </span>
     <span class='ocr_line' id='line_1_25' title="bbox 127 2330 1794 2392; baseline 0 -15"><span class='ocrx_word' id='word_1_144' title='bbox 127 2331 354 2377; x_wconf 90' lang='lat' dir='ltr'>bacatum</span> <span class='ocrx_word' id='word_1_145' title='bbox 391 2339 436 2377; x_wconf 91' lang='lat' dir='ltr'>et</span> <span class='ocrx_word' id='word_1_146' title='bbox 473 2330 714 2392; x_wconf 89' lang='lat' dir='ltr'>duplicem</span> <span class='ocrx_word' id='word_1_147' title='bbox 751 2330 955 2391; x_wconf 86' lang='lat' dir='ltr'>gemmis</span> <span class='ocrx_word' id='word_1_148' title='bbox 993 2344 1207 2391; x_wconf 89' lang='lat' dir='ltr'>auroque</span> <span class='ocrx_word' id='word_1_149' title='bbox 1246 2345 1495 2377; x_wconf 86' lang='lat' dir='ltr'>coronam.</span> <span class='ocrx_word' id='word_1_150' title='bbox 1716 2338 1794 2391; x_wconf 70' lang='lat'>655</span> 
     </span>
     <span class='ocr_line' id='line_1_26' title="bbox 130 2417 1454 2466; baseline 0 -2"><span class='ocrx_word' id='word_1_151' title='bbox 130 2417 273 2466; x_wconf 91' lang='lat' dir='ltr'>Haec</span> <span class='ocrx_word' id='word_1_152' title='bbox 310 2419 527 2466; x_wconf 85' lang='lat' dir='ltr'>celerans</span> <span class='ocrx_word' id='word_1_153' title='bbox 564 2419 651 2466; x_wconf 91' lang='lat' dir='ltr'>iter</span> <span class='ocrx_word' id='word_1_154' title='bbox 688 2419 749 2465; x_wconf 89' lang='lat' dir='ltr'>ad</span> <span class='ocrx_word' id='word_1_155' title='bbox 787 2434 932 2465; x_wconf 84' lang='lat' dir='ltr'>naves</span> <span class='ocrx_word' id='word_1_156' title='bbox 970 2419 1195 2465; x_wconf 87' lang='lat' dir='ltr'>tendebat</span> <span class='ocrx_word' id='word_1_157' title='bbox 1232 2418 1454 2465; x_wconf 84' lang='lat' dir='ltr'>Achates.</span> 
     </span>
    </p>
   </div>
   <div class='ocr_carea' id='block_1_5' title="bbox 131 2548 1746 2957">
    <p class='ocr_par' dir='ltr' id='par_1_12' title="bbox 131 2548 1746 2957">
     <span class='ocr_line' id='line_1_27' title="bbox 187 2548 1746 2613; baseline 0 -17"><span class='ocrx_word' id='word_1_158' title='bbox 187 2550 348 2608; x_wconf 80' lang='lat' dir='ltr'>Venus,</span> <span class='ocrx_word' id='word_1_159' title='bbox 370 2552 578 2613; x_wconf 75' lang='lat' dir='ltr'>seart&#39;ng</span> <span class='ocrx_word' id='word_1_160' title='bbox 613 2552 857 2611; x_wconf 70' lang='lat' dir='ltr'>treachery,</span> <span class='ocrx_word' id='word_1_161' title='bbox 895 2550 1151 2597; x_wconf 77' lang='lat' dir='ltr'>subslz&#39;lules</span> <span class='ocrx_word' id='word_1_162' title='bbox 1193 2548 1234 2596; x_wconf 91' lang='lat' dir='ltr'><em>C</em></span> <span class='ocrx_word' id='word_1_163' title='bbox 1236 2551 1353 2611; x_wconf 78' lang='lat' dir='ltr'>upz&#39;d</span> <span class='ocrx_word' id='word_1_164' title='bbox 1362 2551 1458 2612; x_wconf 79' lang='lat' dir='ltr'>for</span> <span class='ocrx_word' id='word_1_165' title='bbox 1495 2550 1746 2606; x_wconf 69' lang='lat' dir='ltr'>Ascanius,</span> 
     </span>
     <span class='ocr_line' id='line_1_28' title="bbox 241 2631 1690 2696; baseline 0 -18"><span class='ocrx_word' id='word_1_166' title='bbox 241 2631 435 2692; x_wconf 61' lang='lat' dir='ltr'>bz&#39;ddzbzg</span> <span class='ocrx_word' id='word_1_167' title='bbox 458 2634 551 2679; x_wconf 77' lang='lat' dir='ltr'>him</span> <span class='ocrx_word' id='word_1_168' title='bbox 579 2634 765 2696; x_wconf 60' lang='lat' dir='ltr'>zbzflame</span> <span class='ocrx_word' id='word_1_169' title='bbox 790 2632 958 2678; x_wconf 73' lang='lat' dir='ltr'>Dl&#39;do’s</span> <span class='ocrx_word' id='word_1_170' title='bbox 981 2634 1119 2678; x_wconf 66' lang='lat' dir='ltr'>hear!</span> <span class='ocrx_word' id='word_1_171' title='bbox 1139 2633 1254 2678; x_wconf 73' lang='lat' dir='ltr'>wille</span> <span class='ocrx_word' id='word_1_172' title='bbox 1279 2633 1473 2694; x_wconf 71' lang='lat' dir='ltr'>lovesbr</span> <span class='ocrx_word' id='word_1_173' title='bbox 1497 2632 1690 2679; x_wconf 61' lang='lat' dir='ltr'>Aemus.</span> 
     </span>
     <span class='ocr_line' id='line_1_29' title="bbox 196 2730 1473 2793; baseline 0.001 -17"><span class='ocrx_word' id='word_1_174' title='bbox 196 2731 260 2776; x_wconf 93' lang='lat' dir='ltr'>At</span> <span class='ocrx_word' id='word_1_175' title='bbox 298 2730 532 2793; x_wconf 76' lang='lat' dir='ltr'>Cytherea</span> <span class='ocrx_word' id='word_1_176' title='bbox 567 2747 716 2779; x_wconf 83' lang='lat' dir='ltr'>novas</span> <span class='ocrx_word' id='word_1_177' title='bbox 754 2741 890 2789; x_wconf 86' lang='lat' dir='ltr'>artes,</span> <span class='ocrx_word' id='word_1_178' title='bbox 932 2748 1055 2779; x_wconf 90' lang='lat' dir='ltr'>nova</span> <span class='ocrx_word' id='word_1_179' title='bbox 1092 2741 1284 2793; x_wconf 90' lang='lat' dir='ltr'>pectore</span> <span class='ocrx_word' id='word_1_180' title='bbox 1321 2740 1473 2777; x_wconf 87' lang='lat' dir='ltr'>versat</span> 
     </span>
     <span class='ocr_line' id='line_1_30' title="bbox 131 2819 1323 2882; baseline -0.001 -16"><span class='ocrx_word' id='word_1_181' title='bbox 131 2819 344 2875; x_wconf 86' lang='lat' dir='ltr'>consilia,</span> <span class='ocrx_word' id='word_1_182' title='bbox 384 2828 434 2866; x_wconf 92' lang='lat' dir='ltr'>ut</span> <span class='ocrx_word' id='word_1_183' title='bbox 471 2819 643 2867; x_wconf 88' lang='lat' dir='ltr'>faciem</span> <span class='ocrx_word' id='word_1_184' title='bbox 680 2830 891 2867; x_wconf 88' lang='lat' dir='ltr'>mutatus</span> <span class='ocrx_word' id='word_1_185' title='bbox 929 2830 973 2866; x_wconf 91' lang='lat' dir='ltr'>et</span> <span class='ocrx_word' id='word_1_186' title='bbox 1012 2836 1096 2867; x_wconf 88' lang='lat' dir='ltr'>ora</span> <span class='ocrx_word' id='word_1_187' title='bbox 1133 2820 1323 2882; x_wconf 90' lang='lat' dir='ltr'>Cupido</span> 
     </span>
     <span class='ocr_line' id='line_1_31' title="bbox 922 2926 1012 2957; baseline -0.033 0"><span class='ocrx_word' id='word_1_188' title='bbox 922 2926 947 2957; x_wconf 87' lang='lat' dir='ltr'>c</span> <span class='ocrx_word' id='word_1_189' title='bbox 990 2926 1012 2954; x_wconf 89' lang='lat'>2</span> 
     </span>
    </p>
   </div>
  </div>
 </body>
</html>
