1993 3123
648 105 858 148 LIBER
884 105 924 149 J.
974 114 993 147 1
1009 109 1234 164 22-175.

115 241 296 298 seditio,
334 241 571 302 saevitque
608 240 778 286 animis
815 240 1024 301 ignobile
1061 240 1243 302 vulgus,

114 331 303 392 iamque
338 328 466 376 faces
504 338 549 374 et
587 343 701 374 saxa
737 329 913 386 volant,
954 328 1083 375 suror
1120 344 1253 376 arma
1289 330 1554 378 ministrat:

112 430 212 465 tum
249 418 418 480 pietate
455 432 648 478 gravem
686 433 739 464 ac
777 418 954 464 meritis
993 419 1030 464 si
1068 417 1186 465 forte
1223 420 1376 465 virum
1413 435 1557 482 quem

111 522 420 569 conspexere,
458 506 595 554 silent
632 508 922 568 arrectisque
959 507 1152 554 auribus
1190 518 1371 565 astant;

73 657 77 662 .
112 597 187 642 ille
225 596 341 656 regit
378 595 514 642 dictis
552 596 752 653 animOS,
792 606 838 643 et
875 606 1069 658 pectora
1105 597 1307 645 mulcet:

113 685 178 732 sic
216 693 419 731 cunctus
454 684 610 745 pelagi
647 685 815 732 cecidit
854 686 1024 746 fragor,
1065 702 1275 749 aequora
1311 696 1571 750 postquam

112 773 405 836 prospiciens
443 774 630 834 genitor
667 773 897 837 caeloque
935 775 1148 822 invectus
1186 785 1352 838 aperto

110 862 252 909 flectit
288 877 438 924 equos
476 877 713 924 curruque
751 862 917 910 volans
955 864 1034 910 dat
1069 864 1171 911 lora
1209 865 1434 912 secundo.

304 1013 352 1059 T
343 1014 397 1060 he
422 1013 471 1059 T
463 1014 620 1076 rcy'ans
644 1015 760 1060 land
781 1017 829 1060 z'tz
849 1016 1000 1073 Libya
1027 1017 1124 1062 and
1143 1019 1317 1064 recruz'l
1334 1017 1589 1066 themselves

753 1113 868 1165 upon
895 1106 964 1151 the
988 1106 1130 1153 shore.

178 1212 368 1260 Defessi
405 1213 665 1260 Aeneadae
703 1229 826 1276 quae
863 1216 1084 1276 proxima
1119 1216 1258 1263 litora
1296 1232 1439 1264 cursu

109 1303 408 1351 contendunt
442 1312 618 1365 petere,
655 1312 701 1349 et
738 1302 917 1366 Libyae
954 1313 1196 1351 vertuntur
1233 1306 1293 1352 ad
1330 1321 1452 1353 oras.

110 1393 198 1440 Est
234 1394 284 1440 in
321 1407 509 1440 secessu
547 1393 694 1454 longo
731 1393 894 1440 locus:
944 1394 1097 1441 insula
1132 1403 1322 1456 portum

109 1483 251 1530 efficit
287 1483 479 1530 obiectu
514 1482 732 1540 laterum,
773 1483 944 1544 quibus
981 1484 1139 1530 omnis
1177 1484 1236 1530 ab
1273 1484 1370 1531 alto

109 1572 341 1635 frangitur
375 1572 519 1635 inque
557 1572 688 1619 sinus
727 1572 897 1620 scindit
935 1588 1036 1620 sese
1073 1573 1202 1620 unda
1240 1574 1477 1624 reductos,

109 1663 240 1710 Hinc
277 1671 418 1725 atque
455 1661 566 1709 hinc
602 1673 760 1709 vastae
799 1678 940 1725 rupes
975 1664 1252 1728 geminique
1291 1665 1532 1712 minantur

108 1754 157 1800 in
194 1753 379 1801 caelum
416 1752 613 1814 scopuli,
652 1767 857 1814 quorum
895 1753 981 1799 sub
1019 1754 1191 1800 vertice
1231 1754 1321 1801 late
1548 1741 1554 1743 ”

110 1858 319 1905 aequora
356 1851 455 1888 tuta
492 1841 655 1888 silent:
706 1851 809 1888 tum
847 1841 971 1889 silvis
1009 1857 1184 1890 scaena
1221 1843 1430 1890 coruscis

110 1932 316 1994 desuper
352 1930 658 1992 horrentique
695 1940 851 1977 atrum
888 1947 1057 1978 nemus
1095 1932 1312 1979 imminet
1348 1933 1549 1990 umbra;

110 2022 265 2069 fronte
303 2023 392 2068 sub
429 2021 628 2068 adversa
665 2021 871 2083 scopulis
907 2021 1227 2083 pendentibus
1264 2032 1467 2077 antrum,

110 2113 236 2159 intus
272 2127 424 2174 aquae
461 2110 623 2158 dulces
660 2112 861 2173 vivoque
900 2111 1064 2158 sedilia
1101 2125 1230 2169 saxo,

111 2201 450 2264 Nympharum
488 2202 674 2248 domus.
747 2201 842 2247 Hic
882 2200 1028 2247 fessas
1066 2216 1165 2247 non
1194 2200 1380 2247 vincula
1411 2215 1556 2247 naves

110 2291 204 2339 ulla
241 2299 416 2348 tenent,
453 2306 579 2338 unco
616 2304 717 2337 non
754 2290 915 2351 alligat
952 2305 1127 2337 ancora
1164 2304 1340 2335 morsu.

114 2379 225 2428 Huc
263 2389 447 2442 septem
484 2379 676 2427 Aeneas
713 2379 924 2426 collectis
961 2379 1162 2426 navibus
1199 2378 1332 2424 omni

112 2486 171 2517 ex
207 2485 411 2517 numero
449 2469 598 2526 subit;
648 2485 702 2516 ac
738 2484 918 2530 magno
954 2468 1130 2515 telluris
1167 2483 1332 2515 amore

112 2560 291 2621 egressi
329 2569 490 2621 optata
525 2560 770 2622 potiuntur
807 2560 963 2606 Troes
1001 2557 1177 2604 harena

113 2658 157 2696 et
195 2649 291 2696 sale
328 2649 543 2696 tabentes
580 2658 706 2696 artus
743 2649 792 2695 in
827 2648 963 2695 litore
1000 2657 1197 2709 ponunt.

112 2739 184 2785 Ac
219 2738 429 2799 primum
466 2739 582 2785 silici
619 2738 872 2785 scintillam
908 2737 1102 2784 excudit
1138 2737 1348 2783 Achates

115 2829 421 2890 succepitque
457 2829 620 2890 ignem
658 2827 781 2875 foliis
817 2837 959 2890 atque
994 2826 1127 2874 arida
1162 2827 1343 2873 circum

928 2931 954 2962 B

1701 351 1775 392 ¹50

1701 1493 1776 1533 160

1701 1938 1773 1989 165

1699 2842 1773 2885 175
