1993 3123
700 131 911 175 LIBER
938 132 979 175 I.
1021 126 1288 194 335-389.
1768 137 1834 191 25

175 268 436 331 corripiunt
473 278 772 330 onerantque
811 283 938 314 auro.
1014 266 1271 313 Portantur
1309 266 1435 314 avari

173 356 500 418 Pygmalionis
537 371 656 418 opes
694 356 907 417 pelago3
962 355 1058 401 dux
1097 355 1272 402 femina
1311 355 1434 402 sacti.

173 443 424 492 Devenere
462 444 610 502 locos,
648 445 727 491 ubi
766 460 893 491 nunc
933 444 1143 506 ingentia
1181 444 1335 491 cernis
1757 455 1831 505 365

173 534 364 580 moenia
402 543 774 595 surgentemque
812 548 966 580 novae
1007 533 1313 595 Carthaginis
1352 548 1527 590 arcem,

173 622 463 684 mercatique
501 622 673 679 solum,
711 622 820 669 facti
863 623 920 669 de
959 623 1156 669 nomine
1195 621 1410 684 Byrsam,

173 711 359 758 taurino
397 720 630 773 quantum
667 720 863 772 possent
901 711 1198 758 circumdare
1235 720 1383 773 tergo.

176 800 269 846 Sed
305 815 389 846 vos
426 800 506 862 qui
543 800 738 847 tandem
776 801 948 862 quibus
987 812 1063 847 aut
1102 800 1292 848 venistis
1330 802 1390 846 ab
1426 801 1532 857 oris,

172 904 326 950 quove
362 889 535 935 tenetis
572 889 657 936 iter
681 888 724 935 ?’
798 889 1058 947 Quaerenti
1097 891 1268 937 talibus
1307 890 1383 936 ille
1754 911 1832 948 570

173 978 416 1040 suspirans
454 978 648 1041 imoque
685 979 879 1026 trahens
919 995 944 1025 a
982 988 1172 1042 pectore
1211 995 1409 1026 vocem:

170 1130 349 1178 Aeneas
385 1130 540 1192 begins
576 1132 649 1178 ln's
674 1133 775 1178 lale.
861 1132 1004 1178 Venus
1031 1134 1312 1193 zbtlerposz'ng
1348 1148 1602 1177 announccs
1639 1132 1709 1176 tlte
1733 1131 1835 1193 msc

525 1222 718 1267 arrival
739 1221 801 1282 (ff
810 1222 884 1267 ln's
908 1222 1034 1283 slnps
1059 1222 1156 1266 and
1175 1222 1296 1267 their
1319 1237 1474 1266 cretes.

241 1330 316 1379 ‘O
354 1330 458 1388 dea,
499 1330 537 1377 si
574 1331 728 1393 prima
767 1341 988 1393 repetens
1028 1333 1088 1378 ab
1125 1331 1307 1393 origine
1346 1345 1555 1392 pergam,

171 1430 217 1467 et
253 1429 386 1468 vacet
425 1420 620 1468 annales
656 1430 931 1468 nostrorum
968 1420 1130 1467 audire
1167 1420 1399 1477 laborum,

172 1518 280 1557 ante
319 1510 446 1557 diem
484 1510 651 1557 clauso
689 1521 952 1572 componat
991 1510 1178 1572 Vesper
1217 1509 1443 1571 Olympo.

172 1598 278 1647 Nos
316 1598 466 1647 Troia
501 1601 710 1662 antiqua,
753 1600 791 1648 si
829 1609 1007 1648 vestras
1046 1599 1163 1647 forte
1201 1615 1285 1661 per
1323 1614 1459 1645 aures
1701 1663 1707 1666 Δ
1756 1616 1830 1658 375

173 1687 351 1736 Troiae
390 1703 571 1737 nomen
609 1690 673 1747 iit,
713 1690 897 1737 diversa
935 1706 1020 1751 per
1058 1705 1267 1752 aequora
1306 1698 1468 1735 vectos

171 1774 290 1826 forte
329 1791 414 1826 sua
452 1778 643 1842 Libycis
680 1789 938 1841 tempestas
976 1779 1156 1842 appulit
1192 1778 1297 1826 oris.

174 1868 291 1915 Sum
327 1869 433 1932 pius
469 1871 676 1927 Aeneas,
715 1879 876 1932 raptos
913 1871 994 1931 qui
1030 1885 1090 1915 ex
1126 1869 1263 1916 hoste
1301 1867 1504 1914 Penates

173 1958 321 2006 classe
357 1958 479 2006 veho
515 1974 725 2017 mecum,
764 1959 892 2006 fama
931 1975 1071 2021 super
1109 1958 1299 2005 aethera
1337 1967 1492 2004 notus.

173 2047 361 2094 Italiam
398 2064 578 2110 quaero
616 2050 821 2111 patriam
860 2057 906 2096 et
945 2064 1098 2110 genus
1137 2049 1197 2093 ab
1234 2047 1348 2094 Iove
1388 2061 1589 2093 summo.
1755 2054 1836 2101 380

171 2135 254 2183 Bis
291 2137 424 2184 denis
462 2138 725 2200 Phrygium
764 2138 1028 2186 conscendi
1066 2138 1263 2183 navibus
1301 2151 1480 2197 aequor

171 2237 322 2274 matre
360 2227 451 2274 dea
487 2237 790 2275 monstrante
829 2229 955 2274 viam
995 2227 1104 2273 data
1141 2225 1236 2273 fata
1274 2237 1491 2281 secutus;

171 2317 249 2362 vix
287 2326 472 2379 septem
509 2318 768 2366 convulsae
808 2317 950 2364 undis
989 2317 1218 2378 Euroque
1257 2322 1520 2376 supersunt.

172 2404 282 2467 Ipse
317 2407 510 2468 ignotus
547 2423 696 2470 egens
736 2406 917 2468 Libyae
958 2406 1145 2452 deserta
1181 2419 1402 2467 peragro,

171 2494 368 2558 Europa
406 2506 547 2558 atque
586 2497 702 2544 Asia
740 2494 935 2558 pulsus?
1011 2494 1116 2542 Nec
1154 2494 1290 2556 plura
1328 2502 1608 2555 querentem
1757 2500 1832 2549 385

173 2599 317 2646 passa
353 2584 523 2632 Venus
560 2585 721 2632 medio
761 2585 826 2632 sic
864 2584 1085 2631 interfata
1123 2582 1287 2631 dolore
1325 2594 1426 2629 est:

243 2673 503 2735 ‘Quisquis
539 2689 604 2731 es,
643 2673 786 2729 haud,
826 2673 984 2729 credo,
1024 2673 1200 2720 inrisus
1239 2671 1522 2720 caelestibus
1561 2685 1698 2715 auras

173 2761 337 2808 vitales
374 2762 543 2823 carpis,
583 2761 783 2822 Tyriam
821 2761 902 2823 qui
941 2761 1187 2808 adveneris
1224 2761 1408 2806 urbem.

174 2849 329 2911 Perge
366 2849 514 2896 modo
551 2859 694 2911 atque
730 2848 844 2896 hinc
882 2858 926 2895 te
965 2850 1158 2909 reginae
1197 2849 1257 2894 ad
1295 2849 1458 2894 limina
1496 2846 1664 2909 perfer.
