1993 3123
274 89 335 136 16
960 97 1247 142 AENEJS.

267 230 375 276 vicit
411 229 628 292 hiemps3
679 230 799 278 laxis
836 231 1035 279 laterum
1072 234 1387 295 compagibus
1424 247 1594 281 omnes

267 319 503 380 accipiunt
540 319 787 367 inimicum
825 321 1027 368 imbrem
1065 323 1290 385 rimisque
1329 323 1562 370 fatiscunt.

456 470 678 534 lVeplune,
713 475 877 520 roused
902 474 955 535 by
979 475 1050 521 the
1075 484 1262 537 uproar‚
1292 475 1474 522 rebukes
1500 477 1569 523 llze
1593 476 1745 523 winds

815 565 915 610 and
941 564 1083 617 calms
1109 565 1179 611 the
1203 570 1390 626 lempesl.

333 674 520 721 Interea
557 689 738 736 magno
776 674 965 721 misceri
1001 688 1245 720 murmure
1283 683 1486 736 pontum

265 764 585 826 emissamque
622 763 832 811 hiemem
871 763 1017 810 sensit
1053 761 1310 825 Neptunus
1348 773 1393 810 et
1431 764 1538 811 imis

266 862 435 915 stagna
473 853 629 899 refusa
666 853 812 911 vadis,
851 853 1054 913 graviter
1090 863 1394 910 commotus;
1441 862 1485 899 et
1522 852 1615 899 alto

263 943 559 1006 prospiciens
596 957 783 989 summa
818 942 1056 1003 placidum
1095 951 1237 1003 caput
1272 942 1436 989 extulit
1471 942 1614 989 unda.

265 1031 526 1078 Disiectam
565 1032 757 1078 Aeneae
795 1040 897 1078 toto
934 1031 1060 1078 videt
1098 1046 1308 1093 aequore
1345 1031 1559 1086 classem,

266 1120 486 1167 fluctibus
526 1135 781 1182 oppressos
820 1119 978 1167 Troas
1016 1120 1229 1182 caelique
1268 1119 1418 1165 ruina.

265 1208 368 1256 Nec
406 1210 584 1256 latuere
623 1209 720 1256 doli
756 1209 948 1256 fratrem
986 1210 1185 1257 Iunonis
1222 1218 1266 1256 et
1302 1210 1412 1256 irae.

263 1299 447 1345 Eurum
485 1298 546 1344 ad
584 1313 633 1345 se
673 1297 1043 1361 Zephyrumque
1080 1307 1229 1354 vocat,
1269 1298 1440 1345 dehinc
1478 1297 1587 1344 talia
1623 1296 1771 1344 fatur:

333 1385 584 1432 ‘Tantane
621 1401 705 1432 vos
743 1387 931 1447 generis
968 1387 1120 1433 tenuit
1156 1387 1329 1433 fiducia
1365 1387 1542 1433 vestri?

261 1476 355 1522 iam
395 1476 580 1522 caelum
618 1484 892 1537 terramque
930 1490 1040 1521 meo
1078 1476 1178 1521 sine
1216 1476 1427 1533 numine,
1467 1475 1608 1531 venti,

261 1566 475 1623 miscere,
516 1574 560 1612 et
597 1573 754 1612 tantas
791 1564 976 1611 audetis
1012 1564 1174 1611 tollere
1211 1564 1399 1611 moles?

260 1670 382 1716 quos
421 1654 667 1715 ego—sed
705 1662 863 1700 motos
901 1662 1106 1715 praestat
1143 1668 1434 1715 componere
1473 1652 1673 1700 fluctus:

262 1751 370 1803 post
407 1743 523 1787 mihi
561 1758 661 1789 non
699 1742 837 1787 simili
875 1757 1033 1802 poena
1071 1742 1329 1789 commissa
1366 1742 1515 1789 luetis.

263 1829 501 1876 Maturate
541 1829 719 1891 sugam,
759 1830 953 1891 regique
989 1829 1108 1876 haec
1146 1830 1286 1877 dicite
1323 1840 1514 1877 vestro:

262 1934 361 1965 non
397 1919 460 1964 illi
497 1919 750 1980 imperium
788 1918 945 1980 pelagi
983 1933 1274 1980 saevumque
1311 1919 1580 1976 tridentem,

262 2007 343 2053 sed
381 2007 496 2053 mihi
534 2016 657 2053 sorte
698 2007 875 2053 datum.
949 2007 1109 2054 Tenet
1146 2008 1222 2054 ille
1260 2008 1488 2054 immania
1526 2023 1654 2066 saxa,

260 2105 452 2155 vestras,
493 2095 634 2154 Eure,
674 2096 878 2155 domos;
929 2096 1006 2143 illa
1044 2112 1092 2144 se
1130 2097 1268 2143 iactet
1306 2098 1354 2142 in
1392 2097 1499 2143 aula

259 2185 438 2231 Aeolus
476 2194 521 2232 et
559 2186 722 2232 clauso
760 2195 1011 2233 ventorum
1048 2202 1236 2233 carcere
1275 2184 1467 2247 regnet!

329 2275 406 2322 Sic
444 2277 520 2334 ait,
561 2283 606 2322 et
643 2276 767 2322 dicto
806 2277 942 2323 citius
978 2276 1160 2323 tumida
1201 2290 1411 2337 aequora
1447 2276 1618 2338 placat,

260 2365 577 2427 collectasque
616 2366 745 2427 sugat
782 2367 934 2413 nubes
972 2366 1217 2428 solemque
1257 2366 1451 2413 reducit.

259 2453 533 2516 Cymothoe·
570 2455 708 2500 simul
747 2465 791 2501 et
829 2455 1005 2502 Triton
1043 2456 1246 2502 annixus
1283 2464 1421 2502 acuto

258 2543 515 2590 detrudunt
552 2559 695 2590 naves
734 2545 932 2605 scopulo
952 2561 962 2602 ‚·
1017 2545 1138 2592 levat
1175 2546 1274 2607 ipse
1313 2545 1502 2592 tridenti

258 2639 302 2678 et
338 2640 494 2678 vastas
531 2633 679 2693 aperit
717 2642 867 2694 syrtes
906 2642 951 2680 et
989 2643 1221 2696 temperat
1258 2650 1452 2696 aequor,

256 2728 398 2782 atque
436 2721 550 2767 rotis
591 2736 802 2768 summas
841 2721 1022 2769 levibus
1060 2723 1316 2785 perlabitur
1352 2723 1518 2769 undas.

256 2809 326 2856 Ac
365 2808 505 2855 veluti
541 2823 721 2870 magno
758 2811 804 2856 in
842 2812 1022 2874 populo
1060 2827 1169 2859 cum
1210 2828 1350 2875 saepe
1388 2820 1549 2860 coorta
1586 2817 1655 2857 est

1856 783 1927 822 125

1856 1227 1930 1265 ¹30

1855 1672 1927 1713 135

1855 2119 1928 2159 ¹40

1848 2564 1916 2604 145
