1993 3123
232 117 298 154 20
921 105 1203 153 AENEJS.

229 245 437 292 constitit
475 254 519 291 et
560 242 739 305 Libyae
777 241 941 289 defixit
980 242 1159 288 lumina
1198 243 1369 304 regnis.

230 335 385 394 Atque
424 333 551 378 illum
591 331 708 378 tales
746 332 1001 377 iactantem
1042 340 1236 392 pectore
1274 347 1408 378 curas

231 423 400 468 tristior
437 431 482 467 et
519 420 723 467 lacrimis
761 419 927 466 oculos
966 420 1144 466 suffusa
1183 420 1385 466 nitentes

231 511 482 573 alloquitur
520 509 715 555 Venus:
770 506 842 554 ‘O
881 508 960 569 qui
1000 523 1074 554 res
1106 507 1454 570 hominumque
1493 508 1735 572 deumque

231 600 432 647 aeternis
470 600 592 660 regis
631 598 842 659 imperiis
879 606 923 642 et
961 596 1156 643 fulmine
1194 606 1352 653 terres,

232 689 344 750 quid
381 703 517 734 meus
555 688 746 733 Aeneas
784 686 831 731 in
869 694 913 732 te
953 686 1252 732 committere
1289 694 1488 741 tantum,

232 778 344 841 quid
382 777 536 823 Troes
574 785 788 837 potuere,
829 776 1002 837 quibus
1041 784 1109 821 tot
1147 773 1312 820 funera
1349 775 1503 836 passis

233 876 432 913 cunctus
469 868 532 913 ob
571 865 756 911 Italiam
795 873 1028 910 terrarum
1067 863 1298 910 clauditur
1335 863 1498 910 orbis?

233 956 371 1003 Certe
409 955 518 1001 hinc
559 954 811 1000 Romanos
849 953 963 1000 olim
994 953 1292 999 volventibus
1331 952 1483 1008 annis,

231 1046 343 1092 hinc
380 1045 478 1093 fore
516 1044 738 1090 ductores
776 1051 1000 1089 revocato
1039 1058 1065 1088 a
1105 1042 1336 1103 sanguine
1377 1041 1571 1099 Teucri,

233 1136 313 1197 qui
351 1149 497 1190 mare,
539 1134 618 1194 qui
658 1142 802 1178 terras
842 1132 975 1177 omni
1015 1130 1202 1177 dicione
1240 1138 1471 1187 tenerent,

233 1224 499 1286 pollicitus:
553 1236 676 1283 quae
714 1230 772 1277 te,
810 1221 1012 1281 genitor,
1055 1219 1289 1265 sententia
1315 1219 1486 1266 vertit?

235 1314 347 1360 Hoc
379 1311 600 1374 equidem
640 1323 867 1357 occasum
908 1308 1084 1356 Troiae
1125 1308 1373 1370 tristesque
1410 1309 1571 1354 ruinas

235 1403 422 1451 solabar
459 1401 564 1447 satis
602 1400 841 1447 contraria
878 1398 971 1445 fata
1010 1397 1307 1460 rependens;

234 1508 362 1540 nunc
400 1491 568 1538 eadem
607 1489 794 1536 fortuna
831 1489 956 1535 viros
995 1496 1063 1535 tot
1093 1488 1282 1534 casibus
1320 1496 1452 1534 actos

235 1583 510 1644 insequitur.
583 1579 745 1637 Quem
783 1579 867 1625 das
906 1578 1068 1635 finem,
1109 1592 1190 1623 rex
1229 1591 1419 1639 magne,
1461 1576 1715 1624 laborum?

235 1674 455 1720 Antenor
491 1669 645 1733 potuit
682 1667 850 1714 mediis
888 1667 1077 1728 elapsus
1114 1666 1308 1714 Achivis

236 1762 450 1824 Illyricos
487 1768 735 1822 penetrare
775 1758 904 1804 sinus
942 1765 1082 1819 atque
1121 1756 1287 1802 intima
1321 1765 1450 1803 tutus

236 1866 384 1913 regna
421 1850 741 1896 Liburnorum
780 1856 826 1893 et
863 1846 1046 1893 fontem
1086 1861 1311 1908 superare
1351 1845 1557 1902 Timavi,

237 1941 364 1989 unde
402 1956 484 2002 per
521 1955 604 1986 ora
642 1953 814 1985 novem
853 1946 985 1984 vasto
1025 1952 1135 1983 cum
1174 1951 1416 1982 murmure
1455 1935 1634 1981 montis

237 2034 271 2079 it
306 2046 435 2076 mare
474 2038 755 2090 proruptum
794 2037 838 2074 et
876 2027 1048 2089 pelago
1086 2026 1259 2088 premit
1295 2041 1407 2072 arva
1447 2024 1651 2071 sonanti.

240 2121 336 2167 Hic
372 2129 529 2166 tamen
567 2118 640 2164 ille
679 2119 848 2163 urbem
887 2117 1050 2163 Patavi
1091 2115 1327 2178 sedesque
1367 2115 1540 2161 locavit

240 2210 550 2263 Teucrorum,
590 2215 634 2253 et
672 2207 799 2266 genti
837 2222 1015 2252 nomen
1055 2205 1182 2251 dedit
1222 2219 1452 2265 armaque
1490 2203 1587 2248 fixit

240 2299 408 2353 Tro'sa,
445 2311 573 2342 nunc
610 2295 798 2357 placida
839 2304 1122 2356 compostus
1160 2309 1279 2354 pace
1319 2292 1546 2354 quiescit:

240 2403 342 2445 nOS‚
380 2395 458 2432 tua
498 2385 769 2447 progenieS,
808 2384 923 2430 caeli
963 2384 1136 2445 quibus
1175 2382 1344 2428 annuis
1382 2396 1558 2438 arcem,

241 2477 439 2523 navibus
479 2472 771 2537 (infandum)
809 2473 994 2519 amissis
1030 2473 1171 2519 unius
1208 2473 1271 2517 ob
1307 2471 1424 2516 iram

242 2565 487 2628 prodimur
524 2570 665 2625 atque
705 2562 837 2608 Italis
876 2562 1019 2623 longe
1059 2561 1371 2622 disiungimur
1410 2560 1519 2605 oris.

243 2656 338 2702 Hic
379 2653 564 2716 pietatis
601 2651 791 2699 honos?
848 2651 913 2698 sic
959 2666 1047 2697 nos
1085 2651 1130 2695 in
1169 2661 1355 2711 sceptra
1394 2647 1645 2710 reponis?

1819 1505 1897 1545 ²40

1823 1954 1896 1994 245

1825 2398 1901 2437 250
