1993 3123
157 112 175 146 J
192 112 220 149 2
843 101 1127 145 AENEJS.

437 267 547 327 Why
571 263 710 326 suno·
727 281 826 311 was
851 265 1001 311 wrolh
1027 265 1141 310 with
1167 265 1237 310 llze
1268 263 1317 310 T
1308 263 1484 325 rojans.

225 383 353 430 Urbs
391 383 586 445 antiqua
622 383 706 429 fuit
732 382 889 444 (Tyrii
926 390 1121 428 tenuere
1159 380 1355 443 coloni),

157 472 414 534 Carthago,
455 472 642 518 Italiam
680 480 845 518 contra
874 470 1203 531 Tiberinaque
1239 469 1382 532 longe

159 562 293 618 ostia,
335 561 464 607 dives
501 576 652 622 opum
690 559 952 621 studiisque
990 558 1252 620 asperrima
1288 557 1429 615 belli;

159 666 305 713 quam
344 650 468 697 Iuno
505 649 650 696 fertur
687 648 821 695 terris
859 648 1015 708 magis
1053 648 1278 694 omnibus
1314 661 1464 692 unam

157 739 428 801 posthabita
465 739 667 786 coluisse
709 737 882 784 Samo:
933 736 1010 783 hic
1048 736 1168 783 illius
1207 751 1352 793 arma,

157 829 235 875 hic
273 844 437 875 currus
473 828 585 886 suit;
637 827 728 875 hoc
767 841 969 887 regnum
1009 826 1098 873 dea
1134 826 1355 887 gentibus
1392 841 1499 873 esse

159 920 197 965 si
234 935 328 981 qua
365 919 459 965 fata
497 919 668 975 sinant,
709 919 803 963 iam
842 926 944 962 tum
980 915 1227 976 tenditque
1263 914 1502 977 fovetque.

158 1007 449 1069 Progeniem
487 1008 573 1054 sed
610 1006 737 1053 enim
777 1005 994 1051 Troiano
1033 1020 1059 1050 a
1097 1003 1327 1065 sauguine
1360 1003 1472 1050 duci

159 1097 388 1154 audierat,
428 1096 600 1158 Tyrias
637 1095 754 1141 olim
787 1110 909 1156 quae
946 1102 1142 1139 verteret
1179 1109 1339 1150 arces;

159 1186 268 1233 hinc
304 1184 539 1247 populum
576 1185 667 1231 late
705 1199 871 1245 regem
908 1182 1128 1244 belloque
1167 1183 1428 1243 superbum

160 1284 410 1322 venturum
449 1274 631 1322 excidio
669 1273 879 1335 Libyae:
931 1273 994 1319 sic
1032 1271 1219 1319 volvere
1258 1268 1446 1318 Parcas.

163 1365 220 1411 Id
257 1374 476 1412 metuens
513 1364 778 1426 veterisque
816 1377 1005 1409 memor
1045 1361 1262 1407 Saturnia
1300 1361 1425 1417 belli,

163 1454 318 1516 prima
355 1454 486 1517 quod
523 1449 583 1500 ad
620 1453 821 1500 Troiam
858 1467 945 1514 pro
985 1451 1106 1498 caris
1143 1458 1353 1512 gesserat
1389 1449 1562 1511 Argis:

162 1544 373 1592 necdum
408 1544 550 1590 etiam
587 1558 759 1590 causae
796 1542 972 1588 irarum
1009 1540 1229 1602 saevique
1267 1539 1454 1587 dolores

162 1634 438 1682 exciderant
475 1633 668 1692 animo3
719 1639 883 1678 manet
920 1631 1014 1678 alta
1050 1639 1210 1677 mente
1249 1637 1494 1691 repostum

163 1724 389 1772 iudicium
427 1723 608 1771 Paridis
646 1732 928 1785 spretaeque
967 1721 1133 1767 iniuria
1168 1719 1348 1767 formae

163 1823 210 1861 et
245 1829 397 1876 genus
433 1813 636 1860 invisum
672 1821 717 1860 et
752 1813 875 1875 rapti
915 1810 1211 1872 Ganymedis
1249 1809 1486 1856 honores:

165 1903 237 1950 his
273 1918 477 1951 accensa
515 1918 653 1966 super
689 1903 887 1950 iactatos
926 1916 1133 1962 aequore
1171 1908 1272 1947 toto

167 1993 339 2051 Troas,
376 1994 596 2056 reliquias
632 1993 861 2040 Danaum
900 2001 1040 2055 atque
1078 1991 1268 2037 immitis
1306 1988 1492 2047 Achilli,

167 2085 358 2131 arcebat
394 2084 536 2146 longe
575 2083 725 2142 Latio,
765 2082 1038 2144 multosque
1076 2097 1161 2144 per
1198 2095 1353 2127 annos

167 2174 387 2220 errabant
424 2173 514 2221 acti
551 2173 654 2220 fatis
691 2173 838 2221 maria
875 2171 1038 2219 omnia
1076 2171 1269 2218 circum.

170 2262 360 2310 Tantae
398 2263 534 2310 molis
570 2271 669 2310 erat
706 2262 983 2310 Romanam
1013 2260 1224 2308 condere
1260 2267 1463 2321 gentem.

279 2438 329 2484 T
321 2440 371 2486 lze
400 2439 600 2502 Trcy'czns
625 2439 720 2485 saz'l
725 2438 865 2499 from
893 2436 1054 2498 Sicily.
1116 2432 1286 2497 suno’s
1308 2449 1460 2494 ango*
1483 2433 1716 2492 solz‘longy.

240 2557 335 2603 Vix
372 2573 398 2604 e
435 2565 698 2619 conspectu
737 2556 921 2604 Siculae
951 2554 1126 2602 telluris
1163 2554 1212 2600 in
1249 2553 1394 2599 altum

172 2647 273 2693 vela
310 2647 489 2694 dabant
526 2647 632 2693 laeti
669 2655 715 2693 et
752 2660 947 2708 spumas
985 2644 1094 2693 salis
1133 2659 1241 2691 aere
1281 2642 1494 2697 ruebant,

174 2754 284 2786 cum
314 2738 437 2786 Iuno
473 2745 720 2784 aeternum
757 2751 948 2783 servans
987 2736 1075 2782 sub
1112 2742 1305 2797 pectore
1342 2732 1511 2779 vulnus

174 2829 290 2878 haec
330 2844 523 2876 secum:
577 2827 751 2874 ‘Mene
789 2827 982 2889 incepto
1020 2825 1244 2873 desistere
1280 2823 1467 2879 victam,

1773 1111 1821 1137 20

1780 2005 1830 2045 30
