1993 3123
684 115 894 158 LIBER
920 115 961 161 J.
1004 109 1231 161 66-121.

128 252 238 300 talia
273 267 391 300 voce
427 251 594 298 refert:
651 250 724 298 ‘O
762 260 924 313 terque
961 259 1220 314 quaterque
1256 253 1396 309 beati,

130 342 264 403 queis
301 350 409 387 ante
447 356 530 387 ora
568 349 758 401 patrum
797 340 973 386 Troiae
1013 343 1101 386 sub
1138 342 1393 387 moenibus
1431 341 1534 387 altis

130 430 328 490 contigit
365 430 624 490 oppetere!
673 444 703 474 o
741 428 966 475 Danaum
1005 429 1257 476 fortissime
1293 430 1447 490 gentis

130 517 331 579 Tydide,
370 532 512 563 mene
548 517 707 564 Iliacis
743 520 1028 565 occumbere
1065 519 1246 580 campis

60 650 65 656 .
129 595 235 653 non*
264 606 471 668 potuisse
509 614 684 668 tuaque
722 608 932 653 animam
969 607 1091 654 hanc
1130 608 1372 655 effundere
1411 609 1590 665 dextra,

129 711 298 742 saevus
334 696 415 742 ubi
452 695 691 743 Aeacidae
729 697 823 743 telo
862 697 980 743 iacet
1019 696 1215 755 Hector,
1254 698 1335 743 ubi
1373 698 1541 759 ingens

132 785 397 847 Sarpedon,
436 786 516 831 ubi
554 794 621 831 tot
663 785 837 832 Simois
876 796 1094 848 correpta
1133 789 1221 833 sub
1258 787 1399 833 undis

130 883 260 921 scuta
298 874 450 920 virum
487 874 743 936 galeasque
781 884 826 920 et
862 874 1000 921 fortia
1038 891 1241 936 corpora
1278 874 1483 922 volvit?'

514 1033 563 1079 Τ
555 1035 608 1080 lze
632 1040 771 1080 slorm
799 1035 948 1081 makes
973 1035 1115 1081 hamc
1139 1037 1201 1100 (gf
1210 1036 1280 1082 the
1290 1037 1412 1098 flcel.

196 1145 336 1191 Talia
372 1145 562 1192 iactanti
600 1144 802 1191 stridens
838 1145 1077 1206 Aquilone
1115 1146 1323 1207 procella

129 1235 286 1281 velum
323 1233 521 1281 adversa
559 1233 676 1291 ferit,
714 1233 979 1295 fluctusque
1018 1235 1078 1280 ad
1115 1235 1269 1281 sidera
1305 1235 1436 1282 tollit.

129 1323 435 1384 Franguntur
469 1323 586 1369 remi
607 1340 617 1380 ;
666 1333 766 1368 turn
804 1339 947 1384 prora
983 1325 1145 1369 avertit
1184 1332 1228 1370 et
1266 1324 1406 1369 undis

129 1413 209 1459 dat
245 1412 393 1469 latus;
442 1412 706 1473 insequitur
744 1411 937 1457 cumulo
976 1421 1255 1474 praeruptus
1293 1428 1443 1474 aquae
1482 1428 1637 1460 mons

111 1501 198 1562 ‚Hi
236 1516 427 1547 summo
464 1502 513 1547 in
549 1501 695 1548 fluctu
732 1501 953 1562 pendent,
995 1502 1066 1547 his
1102 1502 1231 1548 unda
1268 1502 1516 1549 dehiscens

129 1599 304 1637 terram
340 1591 463 1638 inter
500 1590 673 1637 fluctus
710 1592 873 1653 aperit,
912 1590 1021 1637 furit
1059 1601 1219 1638 aestus
1256 1591 1462 1639 harenis.

129 1681 252 1728 Tres
289 1679 448 1727 Notus
485 1681 708 1741 abreptas
745 1680 793 1725 in
832 1695 947 1727 saxa
984 1680 1175 1727 latentia
1211 1690 1431 1744 t01·quet;

130 1785 245 1817 saxa
280 1778 453 1817 vocant
491 1769 596 1816 Itali
634 1769 802 1815 mediis
839 1785 964 1831 quae
1001 1770 1049 1815 in
1088 1769 1307 1817 fluctibus
1345 1786 1466 1828 aras,

130 1860 326 1906 dorsum
363 1859 576 1905 immane
613 1859 731 1904 mari
771 1873 990 1916 summ0;
1042 1867 1135 1906 tres
1171 1859 1331 1906 Eurus
1369 1861 1430 1907 ab
1467 1859 1561 1907 alto

130 1950 179 1995 in
215 1948 374 1995 brevia
412 1957 458 1994 et
495 1955 644 2010 syrtes
684 1956 819 2009 urget
858 1949 1147 2011 (miserabile
1184 1948 1306 2013 visu)

129 2038 359 2100 illiditque
397 2037 529 2083 vadis
566 2045 709 2099 atque
747 2052 921 2098 aggere
961 2038 1108 2099 cingit
1146 2038 1368 2085 harenae.

129 2126 307 2185 Unam,
348 2142 471 2188 quae
509 2125 685 2187 Lycios
723 2126 967 2188 fidumque
1005 2128 1208 2175 vehebat
1247 2128 1485 2185 Oronten,

130 2217 278 2278 ipsius
315 2224 422 2262 ante
461 2215 626 2262 oculos
663 2215 834 2276 ingens
872 2231 899 2262 a
934 2217 1104 2263 vertice
1142 2227 1319 2278 pontus

131 2306 180 2351 in
215 2305 416 2366 puppim
452 2303 590 2351 ferit:
648 2304 886 2350 excutitur
922 2321 1199 2367 pronusque
1236 2308 1463 2368 magister

131 2393 328 2440 volvitur
363 2393 412 2438 in
448 2401 616 2454 caput3
668 2402 739 2439 ast
776 2393 906 2440 illam
944 2403 1014 2440 ter
1051 2394 1224 2442 fluctus
1262 2396 1440 2442 ibidem

132 2490 320 2544 torquet
357 2497 504 2543 agens
541 2482 734 2539 circum,
775 2492 821 2529 et
859 2483 1050 2544 rapidus
1087 2494 1219 2530 vorat
1257 2499 1466 2546 aequore
1503 2494 1679 2533 vertex.

132 2573 380 2633 Apparent
417 2572 508 2618 rari
545 2580 715 2618 nantes
752 2572 801 2617 in
840 2573 1028 2633 gurgite
1065 2581 1213 2630 vasto,

132 2675 265 2706 arma
300 2661 454 2706 virum
489 2661 777 2723 tabulaeque
814 2669 858 2707 et
898 2660 1053 2708 Tro'sa
1091 2677 1208 2723 gaza
1245 2678 1331 2724 per
1368 2661 1534 2708 undas.

132 2748 238 2796 Iam
275 2749 480 2795 validam
518 2748 688 2796 Ilionei
725 2764 911 2808 navem,
951 2751 1045 2796 iam
1084 2749 1215 2797 fortis
1254 2751 1436 2807 Achati,

133 2848 178 2886 et
215 2853 309 2901 qua
345 2847 506 2886 vectus
542 2839 689 2897 Abas,
727 2848 772 2886 et
809 2853 903 2900 qua
940 2839 1239 2898 grandaevus
1276 2839 1452 2895 Aletes,

1723 807 1796 833 100

1721 1432 1793 1471 105

1721 1878 1798 1906 110

1725 2325 1795 2365 115

1724 2769 1800 2796 120
