1993 3123
144 88 212 141 32
832 78 1114 125 AENEJS.

144 216 180 261 si
219 216 353 261 datur
391 214 578 262 Italiam
619 215 758 261 sociis
795 223 842 262 et
877 231 990 277 rege
1028 225 1221 277 recepto

142 304 348 360 tendere,
390 312 439 349 ut
478 303 667 349 Italiam
705 303 812 350 laeti
850 303 1139 365 Latiumque
1177 313 1396 366 petamus
1415 322 1428 364 3

144 395 216 439 sin
254 394 510 454 absumpta
550 391 691 447 saIUS‚
729 402 773 438 et
810 403 870 449 te,
910 401 1043 453 pater
1081 393 1262 453 optime
1301 393 1563 451 Teucrum,
1724 414 1801 453 555

143 491 321 544 pontus
358 481 500 527 habet
538 480 718 543 Libyae
757 496 846 527 nec
886 496 993 542 spes
1032 481 1126 550 iam
1164 490 1310 528 restat
1348 482 1451 533 Iuli,

143 580 189 618 at
228 572 345 618 freta
385 570 602 618 Sicaniae
642 570 811 616 saltem
850 570 1082 631 sedesque
1122 579 1324 631 paratas,

143 660 272 707 unde
311 660 402 706 huc
442 660 639 716 advecti,
678 674 938 721 regemque
976 669 1195 720 petamus
1233 659 1465 706 Acesten.'

144 749 344 796 Taiibus
382 748 591 795 Ilioneus
611 766 624 808 3
676 749 832 795 cuncti
870 749 1008 795 simul
1045 764 1126 796 ore
1164 747 1429 795 fremebant

143 837 464 886 Dardanidae.
1728 847 1804 889 :60

1725 889 1743 900 v

248 993 375 1039 Dido
400 1007 634 1039 reassures
659 993 728 1038 the
760 991 974 1054 Trojans,
989 994 1260 1054 pronu'sing
1285 993 1369 1038 aid
1389 992 1489 1038 and
1508 992 1704 1055 ffrz'ng

869 1082 1076 1128 allz'ance.

213 1194 343 1240 Tum
381 1192 581 1239 breviter
618 1191 748 1237 Dido
786 1192 967 1238 vultum
1007 1192 1214 1239 demissa
1251 1192 1491 1254 profatur:

147 1283 348 1330 ‘Solvite
387 1282 528 1330 corde
567 1291 762 1338 metum,
804 1281 995 1339 Teucri,
1035 1281 1259 1329 secludite
1297 1297 1452 1330 curas.

147 1373 244 1420 Res
282 1373 398 1419 dura
435 1382 479 1418 et
517 1372 649 1433 regni
689 1372 874 1418 novitas
911 1387 987 1419 me
1025 1372 1135 1419 talia
1171 1382 1353 1434 cogunt

144 1463 297 1510 moliri
333 1470 379 1509 et
414 1462 505 1508 late
544 1461 662 1508 fines
700 1461 898 1508 custode
938 1462 1068 1507 tueri.

146 1553 268 1612 Quis
305 1567 457 1614 genus
495 1550 795 1609 Aeneadum,
834 1551 940 1613 quis
978 1551 1157 1599 Troiae
1194 1553 1375 1599 nesciat
1411 1553 1582 1600 urbem
1726 1557 1802 1612 565

146 1644 428 1704 virtutesque
466 1643 686 1702 virosque
724 1648 803 1687 aut
841 1641 954 1687 tanti
993 1641 1214 1688 incendia
1251 1641 1396 1689 belli?

147 1731 261 1779 Non
299 1733 467 1779 obtusa
505 1732 628 1778 adeo
667 1740 912 1793 gestamus
950 1739 1145 1792 pectora
1183 1731 1346 1787 Poeni,

146 1839 232 1870 nec
271 1832 367 1870 tam
405 1837 595 1868 aversus
633 1836 786 1883 equos
824 1820 972 1882 Tyria
1011 1820 1092 1867 Sol
1128 1821 1279 1883 iungit
1317 1822 1378 1867 ab
1415 1822 1543 1868 urbe.

147 1912 240 1960 Seu
278 1928 361 1958 vos
399 1912 685 1973 Hesperiam
722 1926 953 1973 magnam
991 1909 1307 1973 Saturniaque
1343 1927 1455 1958 arva

147 2003 239 2049 sive
277 2001 440 2063 Erycis
479 2001 596 2047 fines
633 2016 893 2063 regemque
931 2001 1104 2062 optatis
1142 2001 1363 2056 Acesten,
1724 2017 1804 2060 570

145 2092 320 2137 auxilio
358 2100 485 2136 tutos
524 2090 757 2136 dimittam
795 2091 1064 2153 opibusque
1102 2091 1288 2137 iuvabo.

146 2181 300 2226 Vultis
337 2190 381 2225 et
420 2179 491 2225 his
529 2195 718 2226 mecum
759 2181 930 2241 pariter
968 2180 1218 2227 considere
1256 2180 1450 2241 regnis?

145 2270 327 2316 Urbem
364 2285 509 2331 quam
548 2278 721 2325 statuo,
760 2280 912 2316 vestra
949 2280 1046 2326 est;
1096 2270 1345 2316 subducite
1383 2284 1555 2325 naves;

146 2360 271 2406 Tros
310 2359 580 2421 Tyriusque
619 2359 734 2404 mihi
772 2359 903 2405 nullo
943 2359 1215 2405 discrimine
1253 2367 1427 2419 agetur.

146 2449 303 2510 Atque
339 2450 523 2494 utinam
563 2463 644 2493 rex
682 2448 782 2508 ipse
821 2446 953 2494 Noto
991 2447 1268 2508 compulsus
1307 2446 1477 2493 eodem
1725 2464 1799 2506 575

143 2539 309 2584 afforet
345 2538 562 2584 Aeneas!
613 2536 838 2597 equidem
876 2551 959 2596 per
997 2536 1132 2582 litora
1170 2546 1326 2582 certos

144 2627 377 2672 dimittam
416 2637 460 2672 et
501 2625 680 2686 Libyae
718 2624 916 2670 lustrare
954 2634 1167 2670 extrema
1204 2625 1396 2681 iubebo,

144 2715 181 2761 si
219 2716 390 2777 quibus
427 2716 604 2761 eiectus
641 2713 766 2759 silvis
805 2722 882 2758 aut
918 2713 1116 2759 urbibus
1153 2712 1304 2759 errat.'
