1993 3123
667 119 877 161 LIBER
903 118 944 160 I.
990 113 1252 176 176-225.
1729 128 1793 179 19

134 254 237 301 Vos
277 263 322 302 et
361 254 627 317 Scyllaeam
666 255 848 301 rabiem
885 255 1171 316 penitusque
1209 263 1439 301 sonantes
1720 274 1796 300 200

134 343 332 390 accestis
370 343 610 404 scopulos,
652 357 736 388 vos
774 352 819 389 et
859 342 1098 404 Cyclopea
1137 357 1251 390 saxa

133 434 346 495 experti:
398 441 618 478 revocate
658 432 862 488 animos,
904 439 1241 493 maestumque
1280 433 1500 477 timorem

131 521 297 567 mittite
318 537 330 578 ;
379 520 540 567 forsan
576 528 621 567 et
659 519 777 567 haec
816 520 929 567 olim
966 521 1243 567 meminisse
1280 521 1469 567 iuvabit.

103 610 222 657 ·Per
258 610 414 656 varios
452 624 605 665 casus,
645 625 729 670 per
765 618 833 655 tot
871 609 1146 656 discrimina
1184 625 1341 655 rerum

132 698 374 746 tendimus
411 698 458 744 in
497 696 704 755 Latium,
744 698 880 744 sedes
917 698 997 745 ubi
1035 698 1130 745 fata
1169 699 1354 761 quietas
1717 717 1792 756 205

131 787 417 845 ostendunt:
470 787 563 834 illic
600 787 669 834 fas
706 803 856 849 regna
895 802 1140 848 resurgere
1178 788 1374 835 Troiae.

131 876 325 933 Durate,
365 885 412 923 et
448 886 632 924 vosmet
670 877 810 923 rebus
848 886 1027 924 servate
1067 876 1318 924 secundis.’

201 966 339 1013 Talia
376 982 493 1013 voce
531 966 686 1023 refert,
728 967 950 1028 curisque
988 967 1261 1027 ingentibus
1298 983 1441 1028 aeger

130 1071 267 1118 spem
303 1055 433 1102 vultu
473 1056 677 1113 simulat,
717 1057 887 1118 premit
926 1056 1071 1103 altum
1111 1056 1255 1103 corde
1294 1056 1526 1103 dolorem.

135 1145 206 1192 Illi
245 1161 292 1192 se
328 1145 534 1208 praedae
572 1145 830 1207 accingunt
867 1146 1165 1207 dapibusque
1203 1145 1400 1192 futuris:
1715 1164 1794 1192 210

131 1244 322 1297 tergora
359 1234 583 1296 diripiunt
621 1235 764 1282 costis
803 1243 848 1281 et
884 1235 1065 1282 viscera
1102 1235 1299 1291 nudant,

129 1340 242 1387 pars
270 1316 327 1370 ‘in
367 1324 514 1371 frusta
552 1334 716 1370 secant
753 1324 1039 1385 veribusque
1077 1325 1327 1370 trementia
1364 1324 1529 1386 figunt,

131 1414 266 1461 litore
304 1420 425 1460 a'e'na
461 1413 623 1460 locant
660 1413 737 1459 alii
774 1413 1091 1475 flammasque
1129 1414 1413 1460 ministrant.

131 1503 263 1549 Tum
301 1504 426 1549 rictu
462 1512 688 1551 revocant
725 1504 860 1561 vires,
901 1503 1085 1566 fusique
1122 1519 1206 1565 per
1241 1503 1440 1549 herbam

131 1592 390 1654 implentur
430 1592 598 1638 veteris
637 1591 817 1639 Bacchi
855 1593 1141 1655 pinguisque
1180 1592 1371 1638 ferinae.
1717 1609 1792 1649 215

130 1681 391 1743 Postquam
430 1690 655 1743 exempta
693 1680 846 1728 fames
883 1681 1035 1743 epulis
1074 1696 1366 1743 menaseque
1404 1689 1634 1738 remotae,
1691 1728 1697 1731 .

131 1771 336 1817 amissos
374 1770 524 1832 longo
563 1770 722 1817 socios
761 1786 982 1818 sermone
1020 1771 1265 1832 requirunt

131 1876 362 1923 spemque
398 1870 678 1923 metumque
716 1861 834 1908 inter
873 1861 1017 1919 dubii,
1059 1876 1141 1907 seu
1177 1861 1330 1907 vivere
1368 1860 1566 1907 credant

131 1951 228 1997 sive
265 1958 477 1997 extrema
515 1951 612 2012 pati
651 1966 739 1998 nec
778 1951 873 1997 iam
911 1951 1136 1997 exaudire
1174 1960 1383 1998 vocatos.

134 2039 397 2101 Praecipue
435 2040 540 2102 pius
577 2041 769 2087 Aeneas
807 2055 935 2087 nunc
974 2041 1093 2086 acris
1130 2039 1314 2096 Oronti,
1717 2057 1794 2084 220

132 2145 262 2176 nunc
300 2130 472 2191 Amyci
509 2145 675 2176 casum
713 2130 858 2191 gemit
895 2137 940 2175 et
977 2128 1185 2174 crudelia
1222 2144 1387 2174 secum

132 2218 226 2264 fata
263 2217 381 2279 Lyci
418 2218 685 2280 fortemque
724 2217 867 2279 Gyan
906 2217 1171 2279 fortemque
1211 2217 1513 2264 Cloanthum.

121 2377 311 2442 Jupiter
334 2394 522 2440 survqys
547 2379 618 2424 lhe
642 2395 776 2424 scene.
850 2378 994 2424 Venus
1014 2380 1246 2439 accoslt’ng
1265 2377 1359 2423 hsm
1380 2378 1565 2424 bewaz'ls
1585 2379 1654 2424 she
1673 2379 1802 2424 hard

220 2467 328 2527 fille
367 2469 428 2531 (ff
450 2469 520 2514 the
562 2466 612 2513 T
604 2467 777 2530 rojans,
814 2469 911 2514 and
949 2468 1173 2529 upbraz'ds
1220 2468 1313 2513 him
1343 2467 1440 2528 for
1481 2468 1553 2512 less
1591 2469 1795 2528 promere

236 2557 512 2622 urgfulfilled.

201 2667 262 2713 Et
297 2667 392 2713 iam
431 2666 537 2712 finis
575 2676 688 2724 erat,
729 2683 841 2714 cum
878 2667 1095 2730 Iuppiter
1132 2666 1322 2713 aethere
1362 2681 1554 2712 summo

135 2756 402 2818 despiciens
437 2771 568 2802 mare
604 2756 857 2803 velivolum
892 2764 1135 2817 terrasque
1173 2755 1382 2802 iacentes

136 2844 366 2905 litoraque
402 2853 448 2890 et
484 2845 603 2891 latos
640 2846 860 2907 populos,
902 2846 967 2890 sic
1005 2845 1178 2891 vertice
1217 2844 1332 2891 caeli
1718 2861 1793 2902 225

913 2950 939 2980 Β
978 2949 1002 2979 2
